2812 3710
1389 214 1416 258 6

227 342 449 386 sententia
468 354 641 395 prorsus
661 341 773 385 falsa
792 341 1028 385 existimari
1048 343 1195 396 debet3
1225 356 1322 387 nam
1342 342 1442 396 quin
1462 354 1614 386 revera
1627 342 1716 398 Jam
1745 345 1846 386 ante
1875 342 2044 386 comitia
2072 340 2373 397 conjurationis
2401 340 2567 385 initium

230 410 393 453 factum
423 410 493 463 sit,
524 422 609 453 non
636 409 862 463 dubitabit,
893 411 965 462 qui
995 412 1329 455 consideraverit
1358 412 1468 453 hunc
1488 410 1706 453 Ciceronis
1734 411 1871 453 locum
1900 414 1945 453 et
1973 423 2037 464 ea,
2067 422 2175 463 quae
2200 409 2441 463 Sallustius,
2466 410 2568 452 Plu·

228 478 426 530 tarchus,
457 477 544 520 Dio
573 477 750 520 Cassius
780 477 834 520 de
863 478 1044 521 comitiis
1075 478 1277 521 referunt.
1336 480 1488 530 Itaque
1518 478 1867 529 acquiescendum
1896 482 1964 520 est
1990 478 2036 520 in
2064 477 2276 520 sententia
2303 489 2464 529 eorum,
2495 477 2569 528 qui

227 548 427 588 statuunt
454 544 540 588 illis
570 544 788 588 Ciceronis
817 545 960 588 verbis
989 546 1184 588 denotari
1213 551 1424 598 senatum,
1461 545 1533 597 qui
1561 559 1600 587 a.
1631 545 1670 587 d.
1701 545 1813 587 XII.
1844 546 1947 587 Kal.
1977 546 2089 587 Nov.
2119 545 2289 586 habitus
2318 549 2397 586 est.

373 610 527 656 Refert
557 610 691 668 igitur
720 610 869 658 Cicero
899 611 944 658 in
974 627 1012 659 a.
1033 613 1073 658 d.
1093 613 1204 658 XII.
1225 613 1328 658 Kal.
1350 613 1393 658 N
1395 626 1460 658 ov.
1492 612 1626 668 primo
1656 611 1797 658 edicta
1825 611 1958 658 fuisse
1987 612 2158 657 comitia
2187 611 2444 666 consularia;
2475 612 2568 667 ipso

227 685 372 723 autem
401 681 615 723 referente
644 681 782 735 pridie
812 683 904 747 ejus
933 683 1019 725 diei
1048 686 1220 725 senatus
1249 682 1480 725 consultum
1512 681 1671 725 factum
1700 692 1812 734 esse,
1856 692 1909 725 ne
1938 684 2107 736 postero
2136 680 2205 725 die
2234 679 2406 725 comitia
2434 680 2566 725 habe-

227 754 390 800 rentur,
420 754 470 790 ut
498 762 548 790 eo
577 750 648 790 die
678 751 732 790 de
761 749 1180 796 consiliis-Catilinae
1207 751 1251 791 in
1281 754 1432 791 senatu
1462 751 1533 802 agi
1562 754 1726 802 posset3
1756 750 1801 790 in
1830 751 1941 790 hunc
1970 754 2163 791 senatum
2189 749 2317 790 etiam
2337 748 2566 790 Catilinam

227 816 400 861 venisse
431 820 475 860 et
498 817 663 871 jussum
695 830 742 861 se
770 831 954 872 purgare
983 823 1147 861 tantum
1176 819 1230 861 ab
1259 832 1310 861 ea
1338 832 1385 861 re
1414 817 1615 868 abfuisse,
1646 822 1695 859 ut
1722 817 1766 859 in
1796 821 1989 859 senatum
2015 817 2326 859 contumeliosis
2345 817 2566 859 invehere-

228 889 303 929 tur
330 884 489 928 verbiS.
537 885 571 929 J
572 898 640 929 am
670 885 812 942 pergit
832 885 980 931 Cicero
1009 886 1297 942 congemuisse
1326 890 1519 931 senatum
1549 885 1812 940 frequentem
1841 897 1977 939 neque
2005 889 2148 929 tamen
2176 886 2283 930 satis
2312 897 2461 929 severe
2490 897 2566 938 pro

226 953 294 994 rei
322 953 580 1006 indignitate
610 952 864 996 decrevisse.
909 954 1106 996 Profecto
1135 955 1172 996 si
1201 954 1304 996 illud
1333 954 1563 1008 decretum,
1594 953 1704 1008 quod
1725 953 1872 996 Cicero
1901 953 1986 996 alio
2014 954 2104 996 loco
2124 954 2351 997 vehemens
2371 956 2415 995 et
2433 963 2567 1007 grave

228 1022 347 1073 dicit,
378 1022 423 1062 in
454 1035 504 1062 eo
534 1027 687 1062 senatu
716 1023 875 1063 factum
905 1028 1029 1075 esset,
1061 1024 1209 1064 Cicero
1239 1028 1432 1064 senatum
1462 1028 1563 1063 tunc
1592 1035 1675 1064 non
1704 1023 1809 1064 satis
1836 1034 1984 1063 severe
2003 1022 2244 1064 decrevisse
2263 1033 2346 1063 non
2365 1021 2565 1075 dixissem

227 1103 329 1133 nam
360 1104 409 1132 eo
439 1090 527 1142 die,
574 1104 655 1142 quo
692 1090 852 1133 factum
889 1095 954 1132 est
986 1091 1089 1133 illud
1118 1092 1352 1144 decretum,
1397 1091 1503 1133 satis
1534 1095 1627 1132 erat
1655 1091 1699 1132 in
1730 1104 1779 1132 eo
1808 1090 1954 1131 ordine
1984 1095 2028 1131 et
2056 1090 2185 1131 animi
2215 1093 2260 1131 et
2287 1089 2566 1130 auctoritatis.

232 1157 348 1214 Quid
377 1151 552 1202 tandem
580 1157 755 1212 gravius
785 1162 829 1201 et
856 1158 1145 1202 vehementius
1175 1158 1451 1202 decerneret?
1494 1158 1631 1214 Quam
1661 1159 1713 1200 ob
1742 1171 1830 1201 rem
1860 1162 1952 1200 tuto
1976 1157 2170 1212 ¹judicare
2198 1156 2300 1199 licet
2327 1169 2366 1199 a.
2387 1156 2428 1198 d.
2452 1156 2565 1199 ΧΠ.

229 1227 336 1270 Kal.
368 1226 481 1269 Nov.
515 1225 761 1269 Ciceronem
791 1226 1036 1269 dictatorem
1066 1240 1149 1270 non
1179 1227 1335 1270 dictum
1366 1227 1517 1281 esse.¹)
1576 1226 1661 1270 Sed
1691 1226 1845 1269 clarior
1873 1225 2000 1268 etiam
2034 1225 2107 1268 lux
2141 1224 2350 1267 redundat
2386 1236 2439 1266 ex
2474 1224 2566 1266 loco

227 1294 303 1338 illo
334 1293 556 1338 Ciceronis
587 1293 642 1336 ad
672 1293 857 1337 ordinem
888 1307 1025 1338 rerum
1056 1294 1348 1339 definiendum.
1403 1295 1516 1339 Nam
1546 1298 1768 1349 postquam
1798 1293 1945 1338 Cicero
1975 1292 2325 1347 commemoravit,
2357 1305 2461 1346 quas
2490 1292 2565 1336 mi—

227 1375 308 1404 nas
347 1363 536 1405 Catilina
571 1363 615 1403 in
650 1367 800 1404 senatu
828 1364 1053 1415 jactasset,
1099 1368 1143 1404 et
1185 1377 1309 1415 quam
1354 1365 1500 1405 molles
1540 1368 1758 1404 senatores
1795 1363 1838 1404 in
1876 1362 2140 1403 decernendo
2177 1362 2375 1413 fuissent,
2421 1361 2567 1402 statim

228 1429 390 1473 transit
419 1430 474 1472 ad
506 1429 675 1472 comitia
703 1430 766 1472 ita
793 1443 993 1483 pergens:
1028 1431 1119 1482 „his
1148 1435 1237 1473 tum
1267 1432 1393 1474 rebus
1424 1436 1652 1474 commotus
1683 1436 1727 1473 et
1755 1430 1865 1482 quod
1894 1429 2082 1472 homines
2108 1430 2194 1483 jam
2218 1434 2302 1471 tum
2325 1429 2567 1483 conjuratos

226 1509 322 1540 cum
353 1498 511 1552 gladiis
542 1497 585 1539 in
616 1509 806 1551 campum
835 1497 985 1541 deduci
1013 1498 1210 1551 sciebam,
1241 1497 1440 1542 descendi
1471 1498 1514 1542 in
1545 1510 1736 1551 campum
1765 1500 1872 1541 etc.“
1919 1496 2045 1541 Unde
2073 1496 2253 1540 fidenter
2282 1496 2566 1550 conjecturam

229 1565 375 1606 facere
406 1578 627 1617 possumus
657 1566 813 1606 nullam
843 1578 930 1607 rem
960 1566 1131 1619 majoris
1160 1566 1360 1607 momenti
1389 1567 1680 1608 intercessisse
1709 1566 1821 1607 inter
1851 1569 2042 1607 senatum
2072 1578 2109 1607 a.
2137 1566 2177 1607 d.
2198 1565 2309 1607 XII.
2330 1566 2431 1607 Kal.
2453 1565 2565 1607 Nov.

227 1646 257 1675 a
277 1632 485 1675 Cicerone
515 1637 787 1675 convocatum
818 1638 862 1675 et
891 1634 1071 1675 comitia.
1122 1635 1234 1676 Nam
1254 1635 1415 1686 Cicero,
1448 1635 1484 1676 si
1515 1639 1614 1676 ante
1644 1634 1811 1675 comitia
1840 1634 2023 1675 dictator
2052 1634 2191 1675 factus
2220 1638 2346 1684 esset,
2377 1632 2566 1684 profecto

227 1700 322 1756 ejus
352 1699 418 1744 rei
445 1699 699 1744 mentionem
728 1699 798 1744 illo
829 1700 897 1744 die
927 1700 1100 1745 fecisset
1129 1705 1257 1756 atque
1287 1702 1452 1746 omnino
1482 1701 1622 1746 dicere
1661 1715 1743 1745 non
1780 1701 1988 1756 potuisset
2024 1715 2070 1745 se
2107 1700 2173 1745 his
2217 1701 2359 1754 rebuS‚
2405 1700 2567 1745 scilicet

227 1770 498 1822 potissimum
527 1770 706 1810 mollitia
735 1775 779 1810 et
807 1770 980 1823 ignavia
1009 1776 1197 1823 senatus,
1228 1775 1475 1812 commotum
1506 1771 1550 1812 in
1579 1782 1770 1823 campum
1789 1770 2057 1812 descendisse
2077 1781 2170 1811 cum
2188 1769 2424 1812 firmissimo
2444 1781 2565 1823 prae-

227 1838 351 1881 sidio.
414 1839 558 1893 Quare
589 1838 805 1881 Ciceronis
839 1839 972 1891 ipsius
1002 1840 1143 1881 verbis
1181 1853 1229 1881 eo
1268 1840 1528 1891 deducimur,
1574 1844 1621 1880 ut
1657 1839 1826 1880 comitia
1862 1843 1961 1880 ante
1999 1838 2101 1880 illud
2138 1842 2311 1879 senatus
2347 1839 2564 1880 decretum

225 1906 377 1948 habita
407 1918 502 1948 esse
532 1911 739 1959 putemus.

373 1974 494 2029 Quae
524 1975 781 2016 Plutarchus
812 1979 856 2016 et
885 1975 969 2016 Dio
1000 1975 1173 2017 Cassius
1202 1975 1254 2016 de
1284 1976 1429 2017 eadem
1460 1988 1505 2017 re
1535 1975 1788 2026 retulerunt,
1825 1987 1995 2027 prorsus
2025 1974 2293 2016 consentiunt
2321 1986 2413 2016 cum
2443 1974 2563 2016 Cice-

223 2042 342 2085 ronis
373 2043 477 2084 loco.
525 2042 738 2085 Continua
766 2043 954 2085 oratione
984 2044 1193 2085 connectit
1222 2048 1398 2095 uterque
1428 2044 1543 2085 illum
1575 2047 1779 2094 senatum,
1810 2042 1855 2085 in
1885 2056 1965 2094 quo
1986 2043 2135 2085 Cicero
2156 2043 2208 2085 de
2229 2043 2440 2085 Catilinae
2467 2055 2562 2084 con-

226 2109 336 2152 siliis
366 2109 527 2162 retulit,
559 2113 602 2152 et
632 2109 800 2153 comitia
829 2110 1066 2153 consularia
1094 2111 1209 2153 nulla
1238 2110 1346 2153 alius
1376 2110 1439 2153 rei
1469 2110 1872 2153 commemoratione*
1888 2110 2063 2153 inserta.
2114 2109 2244 2153 Dioni
2274 2109 2377 2153 illud
2399 2122 2563 2163 quoque

225 2189 321 2220 cum
353 2174 557 2220 Cicerone
589 2190 803 2220 commune
833 2183 916 2230 est,
963 2178 1072 2230 quod
1106 2184 1255 2221 narrat
1283 2182 1502 2221 senatores
1531 2179 1575 2221 in
1605 2178 1867 2221 decernendo
1898 2178 2114 2221 Ciceronis
2144 2177 2450 2231 exspectationi
2479 2191 2563 2221 non

225 2246 490 2287 satisfecisse
534 2245 710 2297 ideoque
754 2258 847 2287 eum
892 2258 983 2287 cum
1027 2246 1263 2288 firmissimo
1309 2246 1533 2288 amicorum
1579 2246 1789 2299 praesidio
1833 2247 2006 2288 thorace
2050 2245 2240 2287 indutum
2284 2246 2327 2288 in
2372 2258 2562 2299 campum

224 2312 510 2356 descendisse.

369 2381 490 2436 Quae
521 2381 658 2423 adhuc
688 2382 813 2423 attuli
842 2387 1111 2435 argumenta,
1147 2382 1235 2435 jam
1266 2382 1372 2424 satis
1402 2396 1556 2436 magna
1587 2382 1800 2435 praesidia
1829 2395 1922 2424 esse
1953 2386 2053 2434 puto
2083 2381 2288 2434 opinionis
2317 2394 2455 2425 meae:
2494 2395 2560 2424 co-

222 2448 347 2491 mitia
379 2462 460 2491 uon
492 2462 584 2491 esse
614 2449 761 2491 habita
790 2455 886 2502 post
916 2456 1089 2491 senatus
1119 2450 1222 2492 illud
1252 2450 1481 2492 decretum.
1541 2450 1737 2492 Ceterum
1770 2451 1964 2502 quoniam
1995 2450 2048 2492 de
2078 2450 2257 2492 comitiis
2292 2450 2431 2492 dicere
2468 2464 2559 2493 coe-

223 2517 373 2571 pimuS,
407 2518 710 2560 removebimus
741 2518 819 2560 hoc
849 2518 937 2560 loco
969 2517 1095 2560 etiam
1127 2518 1252 2561 alium
1285 2531 1480 2561 errorem.
1508 2542 1511 2546 ·
1542 2521 1649 2561 Sunt
1679 2518 1801 2571 enim,
1834 2517 1904 2570 qui
1935 2522 2085 2571 putent
2114 2531 2152 2560 a.
2184 2517 2223 2559 d.
2245 2518 2300 2562 V.
2322 2519 2424 2561 Kal.
2446 2519 2559 2561 Nov.

221 2586 395 2628 comitia
427 2586 573 2628 habita
611 2599 724 2639 esse,
764 2586 864 2639 quia
893 2586 1041 2628 Cicero
1072 2587 1115 2629 in
1146 2587 1240 2629 Cat.
1272 2588 1307 2629 Ι.
1343 2591 1362 2628 7
1396 2587 1551 2629 dixerit
1581 2587 1752 2630 caedem
1781 2587 2044 2641 optimatium
2075 2586 2301 2629 Catilinam
2331 2587 2560 2630 contulisse

221 2656 268 2696 in
296 2668 335 2696 a.
367 2656 406 2696 d.
430 2656 482 2697 V.
505 2656 608 2696 Kal.
632 2656 756 2705 Nov„
787 2661 875 2696 tum
907 2668 998 2696 cum
1029 2656 1149 2696 multi
1180 2656 1388 2708 principes
1420 2656 1607 2697 civitatis
1637 2657 1772 2697 Roma
1802 2669 1884 2697 non
1914 2661 2001 2697 tam
2032 2655 2097 2696 sui
2127 2656 2404 2697 conservandi
2434 2668 2558 2707 quam

222 2722 336 2765 illius
367 2722 634 2765 consiliorum
665 2723 1024 2776 reprimendorum
1055 2737 1184 2766 causa
1213 2725 1556 2778 prof11gissent.²)
1601 2726 1800 2766 Profecto
1831 2726 1941 2766 hunc
1970 2724 2185 2766 Ciceronis
2215 2726 2348 2766 locum
2378 2725 2415 2766 si
2443 2730 2558 2767 recte

222 2791 609 2832 conside-avissent
639 2796 683 2832 et
712 2803 803 2832 cum
835 2791 969 2832 altero
1000 2792 1107 2843 loco.
1140 2804 1261 2843 quem
1293 2804 1421 2844 supra
1450 2792 1655 2845 adscripsi
1687 2805 1709 2835 e
1741 2791 1997 2836 Mureniana
2027 2790 2051 2846 ς’
2082 2795 2153 2844 51,
2186 2791 2558 2846 comparavissent,

366 2929 392 2969 ¹}
417 2926 497 2961 Xon
523 2926 754 2961 omittendum
780 2932 832 2961 est
858 2926 904 2961 A.
923 2925 1200 2970 W.Zumptiu1n
1225 2926 1260 2961 in
1286 2927 1407 2962 eadem
1432 2929 1609 2963 sententia
1632 2927 1752 2963 fuisse.
1789 2927 1827 2962 Is
1852 2927 1944 2962 enim
1969 2937 2030 2971 pro
2056 2926 2203 2961 Murena
2221 2927 2335 2962 Berol.
2357 2930 2443 2963 1859
2461 2940 2495 2973 p.
2512 2931 2558 2965 93

223 2983 270 3018 ad
293 2995 412 3018 vocem
441 2983 639 3021 „decrevit“
667 2989 832 3019 annotat:
873 2984 986 3029 ..Quid
1018 2984 1214 3019 decreverit
1244 2984 1416 3025 nescitur,
1452 2985 1511 3018 sed
1536 2985 1712 3028 voluerat,
1747 2985 1885 3029 opinor,
1918 2984 2041 3019 Cicero
2068 2984 2143 3028 jain
2167 2990 2250 3019 tunc
2274 2985 2378 3028 plane
2403 2987 2556 3031 decerni,

223 3041 315 3084 quod
341 3048 419 3084 post·
445 3041 590 3077 comitia
615 3042 764 3086 demum,
788 3041 846 3077 ubi
864 3041 918 3077 vis
936 3041 1112 3077 Catilinae
1131 3041 1288 3087 patebat,
1313 3042 1491 3077 decretum
1509 3051 1583 3077 esse
1600 3041 1688 3078 Sall.
1707 3041 1785 3077 Cat.
1802 3043 1859 3086 20,
1877 3042 1973 3077 Plut.
1991 3041 2062 3077 Cic.
2084 3043 2136 3081 15,
2155 3041 2225 3077 Dio
2244 3042 2341 3079 Cass.
2354 3042 2558 3081 XXXVII.

221 3100 268 3131 31
292 3105 451 3140 narrant,
476 3105 515 3132 ut
540 3100 697 3132 consules
722 3109 862 3142 operam
887 3100 1024 3143 darent,
1047 3110 1092 3133 ne
1116 3100 1198 3143 quid
1224 3110 1279 3133 res
1304 3099 1442 3143 publica
1467 3099 1670 3134 detrimenti
1694 3106 1848 3144 caperet,
1874 3105 1962 3134 etc.“

363 3159 394 3200 ²)
421 3156 645 3192 Hachtmann
671 3167 704 3201 p.
722 3160 758 3192 ὅς
785 3156 854 3193 Mit
871 3157 987 3193 Recht
1012 3157 1090 3194 sind
1109 3157 1166 3193 die
1182 3157 1326 3193 Worte:
1356 3157 1449 3198 „dixi
1474 3168 1542 3201 ego
1567 3156 1659 3193 idem
1684 3156 1719 3193 in
1745 3164 1869 3193 senatu
1894 3157 2035 3193 caedem
2059 3163 2096 3192 te
2121 3157 2343 3201 optimatium
2367 3159 2558 3195 contulisse

219 3212 262 3246 in
285 3223 317 3246 a.
343 3214 375 3246 d.
404 3213 447 3246 V.
475 3213 561 3247 Kal.
587 3214 698 3247 N0v.“
725 3215 790 3247 auf
810 3214 866 3248 die
892 3214 1228 3250 Consularcomitien
1253 3215 1409 3260 bezogen
1436 3215 1587 3249 worden.
