2812 3710
1394 199 1426 244 4

374 331 462 374 Res
497 330 646 385 igitur,
691 342 868 382 quarum
907 333 1099 383 tempora
1139 333 1226 372 tam
1261 332 1460 372 accurate
1497 329 1773 383 definiuntur,
1817 333 1867 372 ut
1901 331 2018 373 nulla
2053 330 2262 373 dubitatio
2296 329 2574 383 relinquatur,

232 403 333 443 sunt
363 400 464 442 hae:

461 471 499 510 1.
544 479 583 509 a.
604 466 644 509 d.
665 466 776 509 XII.
803 467 906 510 Kal.
934 467 1046 510 Nov.
1076 469 1251 510 senatus
1279 465 1451 510 habitus
1481 468 1560 520 est,
1590 465 1636 509 in
1664 478 1746 519 quo
1776 464 1927 510 Cicero
1957 467 2105 510 retulit
2133 466 2186 510 de
2214 466 2268 509 iis
2297 466 2436 520 rebus,
2466 478 2578 519 quae

543 534 598 578 ad
627 547 673 578 se
702 535 861 578 allatae
891 538 1047 578 essent.
1560 560 1566 564 -
2223 526 2230 532 ’

459 608 498 645 2.
544 616 583 645 a.
614 603 654 644 d.
685 603 766 646 VI.
797 604 900 645 Kal.
932 604 1043 646 Nov.
1075 603 1266 647 Manlius
1294 614 1414 644 arma
1445 602 1571 655 cepit.

545 672 591 715 in
620 686 659 715 a.
690 671 731 714 d.
760 672 816 716 V.
847 673 949 715 Kal.
980 673 1092 717 Nov.
1122 671 1310 715 Catilina
1337 671 1508 714 caedem
1539 670 1805 723 optimatium
1836 671 2028 713 contulit.

543 739 758 784 Kalendis
786 740 1099 784 Novembribus
1129 739 1341 784 Catilinae
1369 740 1546 782 conatus
1571 738 1808 782 Praeneste
1836 741 2043 782 nocturno
2072 738 2232 793 impetu
2261 737 2493 792 occupandi
2521 737 2580 782 ad

542 808 710 850 irritum
739 807 938 850 redactus
966 812 1043 850 est.

459 880 498 919 5.
543 881 666 920 nocte
695 889 758 931 ea,
790 890 897 930 quae
927 880 1152 920 consecuta
1180 879 1247 919 est
1274 877 1490 929 posterum
1518 874 1631 918 diem
1660 875 1880 919 Nonarum
1905 875 2209 919 Novembrium
2238 876 2447 931 conjurati
2477 889 2575 919 con-

545 949 754 988 venerunt
785 945 839 988 ad
870 946 932 988 M.
964 946 1160 987 Laecam.

373 1014 407 1056 J
408 1026 477 1055 am
508 1026 610 1055 vero
640 1014 724 1056 viri
753 1015 866 1055 docti
895 1014 1206 1055 consentientes
1235 1012 1440 1065 colligunt
1468 1024 1507 1053 a.
1528 1011 1568 1052 d.
1590 1012 1702 1053 XII.
1730 1012 1834 1053 Kal.
1866 1012 1910 1053 N
1912 1024 1992 1063 ov„
2024 1025 2105 1063 quo
2135 1012 2204 1054 (116
2234 1012 2382 1055 Cicero
2412 1013 2465 1054 (16
2494 1012 2579 1054 Ca-

231 1079 381 1123 tilinae
411 1081 689 1124 clandestinis
719 1081 904 1124 consiliis
938 1081 1149 1133 retulerit,
1187 1083 1382 1123 senatum
1417 1078 1679 1131 decrevisse,
1716 1082 1764 1120 ut
1794 1078 1988 1121 Ciceroni
2018 1079 2129 1122 domi
2158 1079 2417 1132 militiaeque
2446 1080 2577 1132 impe-

231 1147 341 1190 rium
371 1152 500 1201 atque
525 1148 732 1203 ¹judicium
761 1162 963 1192 summum
992 1147 1322 1202 permitteretur.
1382 1147 1451 1190 De
1480 1146 1567 1200 die,
1606 1159 1686 1200 quo
1721 1145 1891 1190 comitia
1920 1146 2068 1191 habita
2097 1147 2201 1201 sint,
2239 1147 2493 1201 interpretes
2531 1147 2577 1191 in

232 1215 425 1258 diversas
463 1216 687 1259 discedunt
726 1222 883 1270 partes,
923 1217 1003 1259 nisi
1041 1216 1151 1269 quod
1181 1216 1293 1258 inter
1322 1228 1467 1258 omnes
1498 1215 1589 1257 fere
1619 1219 1788 1257 constat
1818 1227 1869 1257 ea
1899 1219 1995 1268 post
2024 1219 2198 1258 senatus
2228 1216 2332 1259 illud
2360 1216 2577 1259 decretum

234 1284 384 1327 habita
414 1298 521 1327 esse.

375 1354 603 1397 Sallustius
633 1368 702 1396 res
732 1355 809 1397 hoc
838 1354 983 1396 ordine
1014 1358 1172 1396 narrat.
1231 1353 1375 1395 Primo
1404 1353 1495 1395 loco
1524 1355 1821 1394 commemorat
1850 1352 2021 1395 comitia
2050 1352 2288 1395 consularia
2316 1357 2360 1395 et
2394 1352 2572 1395 insidias

231 1422 395 1464 consuli
424 1435 450 1464 a
480 1422 666 1465 Catilina
695 1422 737 1464 111
768 1436 912 1474 campo
943 1427 1134 1474 paratas,
1180 1421 1332 1463 deinde
1370 1425 1518 1463 narrat
1549 1419 1759 1463 Manlium
1792 1420 1837 1462 in
1867 1420 2087 1463 Etruriam
2116 1421 2286 1463 missum
2326 1433 2436 1473 esse,
2483 1426 2575 1463 tum

231 1489 365 1532 refert
396 1490 636 1543 conjuratos
667 1490 721 1531 ad
752 1490 814 1533 M.
846 1490 1041 1532 Porcium
1073 1491 1256 1532 Laecam
1287 1488 1536 1531 convenisse
1567 1500 1721 1540 eosque
1751 1487 1940 1542 dejectos
1971 1500 2064 1531 esse
2095 1501 2168 1541 spe
2200 1487 2416 1531 Ciceronis
2445 1487 2580 1530 inter-

232 1557 417 1610 ficiendi,
449 1558 601 1599 deinde
632 1557 785 1600 transit
815 1558 869 1599 ad
900 1557 1144 1600 Manlianus
1175 1561 1349 1599 conatus
1381 1561 1424 1599 et
1454 1557 1508 1599 ad
1538 1561 1711 1599 senatus
1741 1556 1975 1611 decretum,
2016 1570 2096 1610 quo
2127 1557 2320 1600 Ciceroni
2349 1556 2579 1599 dictatoria

231 1629 422 1677 potestas
452 1626 613 1667 tradita
643 1631 720 1666 est.
780 1626 976 1677 Denique
1006 1630 1154 1667 narrat
1183 1627 1342 1667 Romae
1380 1625 1519 1666 omnia
1554 1624 1725 1676 provisa
1762 1637 1873 1677 esse,
1919 1637 2027 1677 quae
2064 1637 2166 1677 opus
2203 1637 2296 1666 esse
2326 1625 2576 1667 viderentur

233 1693 289 1735 ad
317 1692 472 1735 civium
503 1693 681 1734 salutem
711 1693 909 1735 tuendam
940 1698 983 1735 et
1013 1693 1179 1746 effingit
1207 1697 1336 1744 atque
1366 1692 1566 1745 exprimit
1601 1691 1826 1745 imaginem
1862 1692 2055 1744 terroriS‚
2101 1706 2222 1744 quem
2259 1692 2303 1734 hi
2340 1696 2573 1744 apparatus

232 1759 424 1802 011111111115
454 1759 616 1802 civibus
646 1759 913 1802 incusserint.
974 1761 1194 1803 Postremo
1225 1759 1382 1803 transit
1417 1759 1472 1803 ad
1507 1764 1719 1813 senatum,
1765 1759 1809 1802 111
1845 1772 1925 1812 (1110
1957 1759 2107 1803 Cicero
2136 1759 2312 1813 primam
2343 1759 2575 1803 orationem

234 1828 397 1870 habuit.

373 1896 526 1947 Itaque
557 1896 660 1937 duos
690 1895 882 1948 inprimis
912 1910 1077 1938 6110165
1107 1896 1364 1949 interpretes
1395 1910 1470 1939 suo
1501 1897 1582 1939 sibi
1607 1898 1703 1951 J'ure
1735 1897 1936 1939 Sallustio
1967 1896 2148 1951 objicere
2179 1896 2394 1949 videntur,
2434 1909 2575 1951 unum,

229 1964 340 2016 quod
370 1964 539 2006 comitia
570 1964 808 2006 consularia
846 1965 978 2017 primo
1022 1966 1111 2006 1060
1147 1969 1370 2017 memoret,
1411 1979 1505 2007 cum
1541 1979 1586 2007 re
1615 1979 1721 2007 vera
1751 1966 1899 2007 habita
1928 1965 2013 2007 sint
2044 1969 2139 2017 post
2168 1969 2341 2007 senatus
2370 1966 2471 2007 illud
2502 1966 2576 2007 de-

230 2036 410 2083 cretum,
456 2033 654 2083 alterum,
700 2032 809 2083 quod
847 2036 1098 2074 conventum
1136 2032 1449 2086 conjuratorum
1479 2033 1590 2075 domi
1621 2034 1685 2076 M.
1717 2032 1858 2075 Porcii
1890 2033 2057 2075 Laecae
2087 2036 2131 2074 et
2160 2037 2369 2086 senatum,
2414 2032 2457 2075 in
2493 2045 2575 2085 quo

230 2100 380 2144 Cicero
402 2101 577 2153 primam
599 2101 831 2143 orationem
852 2101 895 2143 in
917 2101 1144 2144 Catilinam
1165 2102 1326 2154 habuit,
1358 2103 1537 2144 aliarum
1559 2115 1697 2144 16111111
1724 2101 1934 2143 mentione
1965 2101 2217 2153 interposita
2246 2102 2331 2143 late
2362 2102 2576 2155 disjunxe-

229 2168 305 2221 rit;
351 2181 448 2210 nam
486 2169 563 2210 has
592 2176 668 2210 res
704 2168 766 2211 ita
801 2168 914 2211 111161·
949 2182 994 2210 56
1030 2170 1257 2211 cohaerere
1288 2174 1332 2212 et
1362 2170 1539 2212 alteram
1570 2182 1623 2211 ex
1653 2170 1791 2212 altera
1820 2168 1950 2222 necti,
1997 2173 2043 2211 ut
2081 2168 2208 2211 ctiam
2238 2170 2447 2213 narrando
2477 2183 2574 2213 6011-

227 2237 473 2291 Jungendae
506 2237 638 2279 fuisse
669 2238 907 2280 videantur.

373 2303 597 2348 Sciendum
629 2308 706 2358 est,
739 2309 783 2348 ut
817 2305 891 2347 hoc
922 2304 1100 2358 primum
1132 2318 1334 2358 moneam,
1368 2308 1409 2347 et
1441 2305 1717 2348 Plutarchum
1748 2308 1791 2348 et
1822 2303 2001 2348 Dionem
2033 2303 2225 2348 Cassium
2255 2304 2297 2348 in
2327 2305 2571 2350 universum

230 2373 293 2414 uti
324 2374 469 2414 eodem
500 2380 627 2425 atque
659 2374 904 2416 sallustium
937 2374 1193 2415 narrationis
1224 2374 1386 2415 ordine.
1443 2374 1603 2415 Tamen
1633 2374 1780 2415 horum
1811 2373 2059 2425 scriptorum
2090 2384 2316 2414 consensus
2347 2373 2427 2415 viri
2457 2374 2572 2417 docti

230 2440 293 2484 ita
322 2441 479 2483 nullam
511 2441 667 2484 habent
699 2441 922 2492 rationem,
963 2446 1010 2484 111
1040 2441 1245 2495 judicium
1277 2455 1398 2484 51111111
1430 2441 1510 2484 sibi
1541 2441 1802 2484 conforment
1832 2454 1883 2482 ex
1915 2440 2039 2483 unius
2070 2440 2284 2483 Ciceronis
2315 2442 2483 2494 scriptis
2513 2443 2575 2484 id-

231 2521 311 2561 que
341 2508 569 2552 adhibeant
599 2510 653 2552 ad
682 2509 846 2552 illorum
877 2510 1000 2552 fidem
1030 2510 1349 2553 aestimandam.
1410 2510 1532 2565 Quod
1562 2523 1687 2562 quam
1716 2523 1798 2551 11011
1828 2509 1885 2551 511
1915 2509 2039 2563 111116,
2086 2509 2210 2551 facile
2248 2514 2314 2551 est
2343 2510 2576 2554 intellectu.

231 2576 494 2631 Quamquam
526 2577 750 2619 tenendum
783 2582 866 2630 est,
910 2578 948 2618 id
992 2578 1100 2629 quod
1138 2591 1265 2631 supra
1302 2578 1461 2622 monui.
1507 2590 1643 2630 neque
1675 2578 1905 2619 Plutarcho
1949 2589 2084 2629 neque
2116 2577 2244 2619 Dioni
2288 2578 2414 2620 ullam
2450 2579 2575 2621 fidem

232 2644 436 2686 adversus
468 2645 713 2702 Ciceronem
744 2658 838 2686 esse
869 2645 1178 2687 vindicandam.
1239 2646 1324 2688 Sed
1355 2647 1391 2687 si
1422 2646 1515 2699 quis
1547 2646 1850 2700 praejudicatis
1880 2646 2145 2698 opinionibus
2175 2659 2257 2687 non
2288 2646 2369 2687 erit
2399 2659 2576 2700 occupa-

233 2716 319 2764 tus.
359 2713 458 2763 quid
489 2713 615 2753 trium
646 2713 897 2764 scriptorum
933 2715 1138 2755 communi
1175 2715 1415 2755 testimonio
1451 2715 1634 2756 monitus
1672 2714 1832 2755 faciet?
1892 2716 2044 2755 Nonne
2080 2714 2300 2754 conabitur
2334 2715 2576 2767 discrepan-

233 2778 334 2821 tiam
372 2780 536 2832 tollere,
574 2792 682 2832 quae
718 2780 980 2823 intercedere
1010 2781 1180 2823 videtur
1215 2781 1327 2824 inter
1362 2782 1441 2824 hoc
1479 2781 1764 2824 testimonium
1795 2786 1838 2823 et
1867 2780 1983 2824 aliud
2012 2780 2219 2833 quoddam
2249 2781 2302 2823 ab
2346 2782 2428 2824 alio
2473 2783 2576 2825 5611-

234 2852 352 2900 ptore
383 2848 620 2901 prolatum?
670 2848 830 2904 Quodsi
861 2850 1039 2903 accidat,
1072 2855 1114 2893 111
1148 2850 1332 2893 virorum
1365 2851 1580 2893 doctorum
1610 2850 1836 2902 sententia,
1868 2862 1992 2902 quam
2012 2862 2039 2891 a
2059 2848 2273 2892 Ciceronis
2294 2850 2436 2893 verbis
2455 2855 2575 2895 recte

234 2921 378 2968 petere
415 2917 492 2958 sibi
525 2918 739 2971 videntur,
778 2919 888 2959 falsa
924 2923 1147 2972 arguatur,
1184 2919 1236 2960 (16
1274 2924 1507 2961 ceterorum
1539 2919 1791 2972 scriptorum
1821 2917 2076 2960 auctoritate
2107 2918 2384 2971 suspicionem
2415 2920 2573 2963 habere

234 2996 317 3024 non
342 2984 429 3036 jam
460 2985 614 3027 licebit.
674 2987 785 3028 Nam
816 2987 888 3027 ubi
919 2992 1064 3028 contra
1095 3000 1177 3028 non
1208 2987 1363 3029 dicitur
1391 2987 1474 3029 11151
1504 2987 1626 3029 falsis
1655 2986 1935 3040 argumentis,
1967 2986 2146 3038 probare
2176 2988 2436 3040 argumentis
2465 2989 2575 3031 nihil

236 3063 339 3103 opus
370 3056 447 3094 est.

376 3121 407 3163 J
411 3133 477 3164 am
508 3121 549 3164 in
581 3122 825 3174 quaestione
855 3123 907 3166 de
938 3133 1020 3176 qua
1055 3123 1198 3178 agitur
1235 3123 1438 3167 solvenda
1474 3136 1616 3167 omnes
1652 3122 1909 3177 interpretes
1946 3135 2027 3165 uno
2057 3122 2160 3166 vitio
2196 3124 2328 3177 premi
2357 3124 2571 3179 videntur,

234 3188 345 3241 quod
375 3194 574 3240 tanquam
605 3196 765 3231 certum
794 3191 952 3242 aliquid
982 3199 1163 3244 sumunt,
1195 3193 1305 3244 quod
1336 3197 1402 3234 est
1431 3193 1613 3234 omnium
1643 3191 1982 3234 incertissimum.
2033 3192 2105 3233 Ad
2134 3205 2261 3235 unum
2288 3194 2398 3235 enim
2426 3206 2571 3237 omnes

458 676 499 783 {⁶³9³
