2812 3710
1368 231 1396 274 '7

219 363 304 417 ipsi
331 362 446 405 haud
474 361 600 405 dubie
628 374 731 404 suae
761 361 945 414 opinioni
973 360 1193 406 adversari
1219 360 1553 414 intellexissent3
1597 373 1710 404 nunc
1746 364 1887 403 autem
1923 360 2084 413 nescio,
2123 360 2326 413 quomodo
2353 360 2448 403 fieri
2475 373 2552 413 po-

220 430 366 483 tuerit,
393 433 442 472 ut
461 442 488 472 a
507 430 621 472 nullo
641 441 760 472 error
777 428 1197 473 animadverteretur.
1242 429 1354 472 Nam
1383 429 1493 471 hanc
1521 428 1758 482 opinionem
1787 427 1940 470 falsam
1969 439 2063 470 esse
2092 427 2196 470 illud
2224 428 2362 481 ipsum
2389 428 2551 480 liquido

220 500 502 550 demonstrat,
542 497 653 549 quod
687 496 904 539 consilium
933 497 1195 550 optimatium
1223 510 1262 538 a.
1292 497 1332 537 d.
1363 497 1418 539 V.
1449 497 1551 538 Kal.
1581 497 1627 538 N
1627 509 1693 539 ov.
1724 496 2106 537 interficiendorum
2134 508 2307 537 necesse
2335 501 2403 537 est
2431 495 2552 538 Cati·

220 568 310 608 lina
333 567 423 618 jam
459 566 604 606 inierit
640 578 689 604 eo
725 569 932 616 tempore,
977 578 1057 615 quo
1093 565 1279 616 comitia,
1326 566 1475 615 quibus
1511 565 1556 605 in
1594 578 1633 605 a.
1663 565 1704 604 d.
1733 566 1846 605 XII.
1876 565 1980 604 Kal.
2011 564 2123 604 Nov.
2153 564 2291 604 dictus
2320 564 2412 604 dies
2441 568 2552 616 erat,

220 633 405 679 nondum
432 633 477 676 in
506 633 622 677 aliud
649 637 815 686 tempus
844 632 978 676 dilata
1006 636 1140 676 erant.
1184 632 1357 677 Scilicet
1380 632 1528 677 Cicero
1557 646 1632 685 pro
1652 633 1839 677 Murena
1866 631 1974 675 dicit
1991 644 2039 675 se
2058 631 2270 675 referente
2289 644 2329 675 a.
2349 631 2389 674 d.
2411 632 2552 675 XIII.

221 702 326 748 Kal.
346 702 458 747 Nov.
479 701 645 745 demum
668 704 840 745 senatus
860 700 1094 745 consultum
1121 699 1280 745 factum
1308 711 1414 755 esse,
1444 712 1497 744 ne
1525 703 1696 754 postero
1725 699 1794 744 die
1824 698 1995 744 comitia
2022 698 2293 752 haberentur,
2324 701 2369 743 et
2397 698 2552 753 postri-

220 770 292 813 die
320 769 348 812 i.
380 781 416 811 0.
447 781 486 811 0.
517 769 557 811 (1.
586 769 698 811 XII.
728 769 830 811 Kal.
855 768 966 811 Nov.
995 768 1041 810 111
1069 771 1220 811 80110111
1249 767 1476 811 Catilinam
1505 781 1532 812 a
1559 781 1606 811 se
1629 770 1795 824 Jussum
1825 780 1920 811 esse
1950 768 1988 810 81
2076 767 2117 809 ’(1
2146 767 2278 809 vellet
2305 766 2359 809 de
2387 767 2455 809 his
2484 779 2553 810 re·

219 841 313 892 bus,
344 851 452 891 quae
481 839 536 879 ad
565 839 701 891 ipsum
730 839 886 880 allatae
915 842 1076 890 essent,
1107 838 1261 878 dicere.
1311 838 1527 891 Quaenam
1556 843 1696 880 autem
1726 852 1795 879 res
1825 838 1881 879 ad
1910 838 2012 879 Cice
2062 849 2159 878 nem
2188 837 2345 877 allatae
2375 836 2552 887 fuerint,

221 907 421 950 docemur
451 920 504 949 ex
533 907 669 949 altero
697 906 809 958 loco;
839 904 1044 958 patefecit
1072 904 1180 947 enim
1211 903 1360 948 Cicero
1388 904 1433 948 in
1462 911 1612 948 senatu
1641 919 1679 948 a.
1710 905 1750 948 d.
1780 905 1892 948 XII.
1923 905 2027 948 Kal.
2058 904 2170 947 Nov.
2201 903 2347 947 habito
2376 902 2557 947 consilia.

221 974 332 1020 inita
360 976 405 1018 et
433 973 486 1018 de
515 971 787 1028 optimatibus
816 972 858 1017 in
889 973 992 1017 urbe
1022 985 1060 1017 a.
1090 972 1130 1016 d.
1150 972 1205 1018 V.
1236 972 1337 1016 Kal.
1368 972 1478 1017 Nov.
1508 972 1810 1017 interficiendis
1840 976 1885 1017 et
1913 972 1967 1017 de
1996 972 2126 1017 armis
2156 971 2201 1016 in
2231 971 2409 1016 Etruria
2439 983 2478 1015 a.
2508 971 2552 1016 (1.

222 1045 303 1089 VI.
333 1044 436 1087 Kal.
467 1044 578 1087 Nov.
609 1042 837 1097 capiendis.
892 1042 1102 1085 Nimirum
1133 1041 1318 1085 Catilina
1345 1042 1481 1085 voluit
1507 1045 1550 1085 et
1577 1042 1622 1085 in
1650 1044 1753 1085 urbe
1784 1047 1829 1085 et
1857 1046 1981 1085 extra
2009 1042 2154 1085 urbem
2186 1041 2333 1083 eodem
2362 1045 2554 1095 tempore

221 1113 389 1155 initium
417 1112 481 1154 rei
509 1112 722 1165 gerendae
750 1111 854 1152 fieri.
913 1112 1065 1162 Itaque
1095 1110 1242 1151 Cicero
1271 1110 1361 1163 ipse
1390 1111 1631 1163 planissime
1659 1115 1845 1152 testatur
1877 1111 2100 1152 consilium
2133 1110 2399 1162 optimatium
2439 1122 2478 1163 a.
2508 1110 2553 1150 (1.

221 1181 277 1223 V.
292 1181 411 1222 ·Kal.
441 1180 552 1221 Nov.
582 1178 966 1221 interficiendorum
994 1191 1077 1220 non
1110 1178 1230 1220 modo
1265 1192 1291 1220 a
1320 1178 1505 1220 Catilina
1538 1178 1688 1220 initum
1724 1179 1799 1220 sed
1835 1178 1964 1220 etiam
2001 1178 2056 1219 ad
2093 1190 2140 1219 se
2177 1177 2366 1219 delatum
2405 1177 2553 1220 fuisse.

221 1248 465 1301 priusquam
495 1247 602 1289 alius
632 1246 723 1288 dies
753 1246 931 1288 comitiis
960 1246 1164 1288 habendis
1193 1245 1415 1288 diceretur.
1474 1245 1656 1288 Comitia
1684 1251 1843 1299 autem,
1882 1258 1991 1298 quae
2028 1245 2097 1287 die
2132 1245 2248 1287 dicta
2283 1245 2434 1287 habita
2469 1258 2555 1287 non

221 1320 347 1360 erant
374 1320 617 1370 propterea,
656 1321 703 1358 ut
732 1314 784 1358 de
814 1313 1022 1358 Catilinae
1051 1314 1213 1358 nefario
1242 1314 1412 1359 consilio
1442 1314 1671 1358 consultari
1699 1320 1859 1369 posset,
1899 1320 2047 1368 postea
2076 1314 2120 1358 in
2149 1314 2260 1358 diem
2291 1328 2386 1358 eum
2416 1313 2557 1357 dilata

222 1396 330 1437 esse,
361 1396 442 1436 quo
473 1385 550 1426 1100
579 1383 797 1425 consilium
815 1387 1027 1435 patratum
1055 1382 1109 1424 iri
1136 1386 1278 1424 notum
1309 1386 1434 1433 esset,
1465 1395 1611 1435 parum
1641 1383 1840 1424 credibile
1870 1386 1947 1424 est.
1992 1383 2190 1435 Denique
2219 1384 2310 1424 loco
2334 1383 2408 1424 illo
2430 1382 2553 1424 Cice·

222 1453 339 1494 101118
367 1464 442 1503 pro
472 1449 709 1505 Murena'§
740 1456 813 1492 52:
858 1451 966 1501 „His
994 1455 1082 1492 tum
1111 1452 1235 1492 rebus
1265 1455 1491 1492 commotus
1521 1455 1565 1492 et
1594 1451 1703 1502 quod
1733 1451 1920 1492 homines
1945 1451 2035 1503 ι10111
2062 1455 2153 1492 111111
2183 1451 2425 1503 conjuratos
2455 1462 2553 1491 cum

220 1518 377 1573 gladiis
406 1518 451 1561 in
480 1532 669 1571 campum
699 1517 847 1561 deduci
867 1532 893 1561 a
913 1517 1098 1561 Catilina
1126 1517 1323 1571 sciebam,
1352 1517 1550 1560 descendi
1578 1517 1623 1560 111
1651 1531 1841 1571 campum
1872 1520 1978 1560 etc.“
2011 1517 2264 1571 particulae:
2299 1518 2411 1572 „jam
2432 1521 2548 1560 tum“

222 1586 414 1630 indicant
433 1586 677 1630 Ciceronem
703 1586 929 1640 periculum
959 1585 1041 1639 ipsi
1070 1584 1137 1628 die
1166 1584 1426 1628 comitiorum
1454 1584 1673 1629 imminens
1703 1597 2023 1628 commemorare
2053 1585 2126 1639 ita,
2157 1589 2206 1628 ut
2234 1585 2351 1628 aliud
2381 1584 2549 1628 facinus

223 1656 442 1708 respiciat,
483 1655 593 1707 quod
627 1660 794 1707 postero
823 1659 1008 1707 tempore
1038 1659 1131 1695 erat
1159 1654 1481 1705 suscipiendum.
1539 1654 1684 1695 Aliter
1712 1654 1823 1694 enim
1851 1655 1931 1694 hae
1961 1654 2194 1705 particulae
2224 1666 2395 1695 sensum
2425 1666 2549 1705 prae-

222 1725 375 1767 berent
402 1724 574 1767 nullum.
619 1724 769 1775 Neque
799 1728 984 1776 tempero
1013 1722 1127 1775 mihi,
1160 1722 1258 1774 quin
1278 1722 1523 1765 Ciceronem
1543 1721 1659 1765 illam
1678 1722 1849 1765 caedem
1879 1722 2139 1775 optimatium
2168 1722 2418 1775 intellegere
2449 1735 2549 1765 con·

217 1792 365 1849 jiciam
394 1792 440 1835 in
468 1804 506 1835 a.
537 1792 576 1834 d.
607 1791 662 1836 V.
694 1792 794 1835 Kal.
826 1792 935 1835 Nov.
967 1803 993 1835 a
1022 1790 1208 1834 Catilina
1236 1791 1444 1834 collatam.
1456 1790 1486 1845 ¹)

366 1862 512 1912 Atque
540 1865 588 1902 ut
616 1862 722 1902 haec
751 1861 992 1913 conjectura
1020 1860 1295 1911 interpretum
1324 1872 1400 1911 per
1429 1872 1474 1901 se
1503 1872 1674 1911 prorsus
1710 1859 1821 1900 falsa
1857 1859 2055 1911 redargui
2089 1863 2245 1911 potest,
2283 1859 2346 1900 ita
2381 1864 2548 1901 contra-

223 1928 333 1972 rium
369 1928 659 1987 demonstrant
694 1928 724 1971 ii
761 1927 860 1981 loci,
905 1927 1054 1980 quibus
1084 1926 1231 1970 Cicero
1267 1926 1319 1970 de
1355 1925 1520 1969 insidiis
1554 1925 1622 1968 die
1657 1925 1915 1969 comitiorum
1944 1924 2025 1968 sibi
2054 1925 2215 1979 paratis
2244 1921 2440 1979 loquitur.
2501 1927 2548 1969 Is

224 1997 336 2040 enim
365 1997 470 2040 dicit
497 1996 542 2040 in
568 1996 663 2040 Cat.
684 1998 720 2039 I.
744 2001 814 2039 11:
849 1996 1083 2052 „Quamdiu
1111 1995 1214 2038 mihi
1243 1995 1403 2038 consuli
1432 1994 1666 2048 designato,
1698 1994 1895 2047 Catilina,
1926 1994 2150 2037 insidiatus
2179 2007 2238 2048 08,
2269 2007 2351 2037 11οη
2381 1994 2551 2048 publico

222 2078 291 2107 me
320 2066 543 2118 praesidio,
574 2066 649 2107 sed
677 2065 846 2117 privat-a
874 2064 1095 2117 diligentia
1122 2064 1304 2105 defendi.
1349 2063 1455 2105 Cum
1484 2063 1685 2115 proximis
1715 2063 1895 2103 comitiis
1925 2063 2214 2104 consularibus
2242 2075 2309 2104 me
2335 2064 2550 2104 consulem

224 2133 270 2176 in
299 2146 445 2186 campo
475 2137 519 2175 et
547 2132 840 2186 competitores
870 2131 963 2174 tuos
992 2131 1227 2174 interficere
1257 2130 1444 2183 voluisti,
1491 2130 1717 2182 compressi
1754 2135 1929 2172 conatus
1966 2135 2061 2172 tuos
2099 2129 2284 2172 nefarios
2319 2130 2550 2173 amicorum

226 2202 439 2255 praesidio
470 2205 513 2243 et
542 2201 674 2254 copiis
703 2202 816 2243 nullo
845 2201 1023 2243 tumultu
1053 2199 1215 2252 publice
1246 2198 1492 2241 concitato.“
1544 2199 1629 2240 Pro
1649 2199 1834 2242 Murena
1853 2202 1925 2250 523
1960 2202 2034 2249 „ut
2061 2210 2204 2240 omnes
2233 2198 2332 2240 boni
2360 2198 2552 2241 animad-

229 2272 450 2313 verterent
479 2272 523 2311 et
551 2281 644 2311 cum
673 2268 717 2311 in
744 2272 859 2310 metu
888 2272 931 2310 et
960 2266 1142 2320 periculo
1170 2266 1379 2308 consulem
1410 2265 1621 2319 viderent,
1657 2265 1701 2307 id
1736 2265 1845 2317 quod
1879 2268 1946 2307 est
1979 2264 2157 2317 factum,
2194 2264 2249 2307 ad
2278 2277 2398 2318 opem
2428 2278 2550 2319 prae-

222 2338 458 2390 sidiumque
502 2339 837 2379 concurrerent.“
903 2336 987 2378 Pro
1030 2335 1147 2378 Sulla
1190 2338 1260 2376 51:
1310 2346 1410 2385 „vos
1452 2336 1541 2375 tum
1582 2333 1747 2386 judices
1791 2332 1896 2375 nihil
1938 2332 2197 2375 laborabatis
2236 2346 2372 2385 neque
2413 2333 2553 2386 suspi-

224 2405 448 2448 cabamini.
506 2406 600 2459 Ego
631 2408 767 2446 tectus
797 2404 1018 2446 amicorum
1049 2402 1258 2456 praesidio
1286 2401 1403 2443 firmo
1433 2400 1645 2443 Catilinae
1675 2405 1762 2443 tum
1802 2405 1845 2443 et
1873 2400 2075 2442 Autronii
2113 2401 2255 2454 copias
2294 2405 2339 2443 et
2374 2406 2552 2444 conatus

226 2474 423 2526 repressi.
431 2476 450 2495 “

307 2571 311 2574 -
368 2543 408 2584 Ε
438 2541 587 2594 quibus
616 2540 718 2582 locis
748 2554 838 2582 cum
868 2545 1012 2593 pateat
1043 2540 1109 2581 die
1139 2536 1337 2580 comitiali
1357 2536 1569 2579 Catilinae
1599 2538 1769 2579 caedem
1798 2542 1960 2579 tantum
1987 2537 2202 2579 Ciceronis
2233 2541 2278 2579 et
2306 2538 2553 2590 competito-

226 2624 318 2654 rum
349 2611 590 2654 consulatus
620 2609 875 2663 propositam
906 2609 1057 2660 fuisse,
1097 2620 1186 2651 cum
1223 2606 1322 2649 item
1353 2609 1498 2660 pat-eat
1527 2606 1750 2660 optimates
1781 2610 1880 2648 tunc
1909 2618 1989 2648 non
2020 2606 2303 2659 praemonitos
2333 2605 2466 2649 fuisse
2497 2631 2553 2636 —-

227 2691 325 2722 nam
353 2679 590 2722 intererant
619 2672 798 2731 comitiis
828 2681 871 2721 et
900 2677 961 2720 ita
997 2677 1161 2730 quidem
1198 2675 1449 2727 intererant,
1494 2678 1541 2715 ut
1584 2674 1667 2728 ipsi
1710 2674 1814 2715 nihil
1857 2674 2100 2715 laborarent
2144 2686 2279 2727 neque
2323 2675 2555 2728 quidquam

228 2748 562 2800 suspicarentur,
595 2751 640 2788 at
670 2752 816 2788 contra
848 2759 896 2787 eo
925 2746 1005 2798 die,
1036 2746 1079 2787 111
1109 2758 1227 2798 quem
1258 2744 1427 2785 caedem
1456 2743 1718 2794 optimatium
1747 2756 1773 2784 a
1801 2742 1987 2784 Catilina
2015 2743 2210 2784 collatam
2239 2743 2373 2784 fuisse
2403 2743 2558 2786 Cicero

227 2815 344 2868 dicit,
375 2816 480 2858 adeo
509 2814 660 2857 timore
689 2814 871 2867 perculsi
900 2818 1033 2866 erant,
1063 2818 1112 2855 ut
1139 2825 1191 2855 ne
1211 2812 1369 2854 Romae
1398 2810 1565 2864 quidem
1593 2822 1764 2852 manere
1793 2811 1998 2853 auderent
2019 2835 2071 2841 —-
2093 2823 2186 2852 cum
2205 2810 2386 2864 denique
2407 2814 2559 2863 pateat

229 2882 474 2925 Ciceronem
503 2895 552 2924 eo
582 2883 650 2924 die
680 2883 891 2924 Catilinae
921 2886 1114 2923 conatum
1143 2881 1364 2922 amicorum
1393 2883 1558 2920 tantum
1587 2878 1796 2930 praesidio
1826 2878 2099 2931 repressisse,
2138 2879 2183 2920 id
2220 2879 2331 2932 quod
2366 2879 2560 2931 profecto

229 2951 321 2994 fieri
349 2965 432 2995 non
461 2951 612 3005 potuit,
643 2950 678 2993 si
700 2950 910 2994 Catilinae
931 2950 1081 2993 caedes
1110 2950 1331 2991 multorum
1360 2946 1512 2990 civium
1542 2945 1757 2999 proposita
1787 2946 1951 2999 fuisset,
1982 2946 2088 2988 satis
2118 2959 2274 3001 magna
2302 2947 2408 2989 haec
2434 2946 2561 2990 testi-

228 3020 370 3063 monia
397 3023 509 3074 sunt,
541 3032 564 3062 e
595 3019 744 3074 quibus
774 3020 938 3062 eluceat
967 3017 1135 3061 comitia
1163 3022 1207 3060 et
1236 3016 1405 3059 caedem
1434 3014 1698 3069 optimatium
1727 3015 1815 3056 loco
1845 3014 1916 3057 illo
1942 3028 1968 3057 a
1987 3014 2192 3057 Cicerone
2221 3015 2483 3069 praedictam
2511 3015 2562 3059 111

373 3182 399 3223 ¹)
422 3190 500 3215 mea
525 3179 759 3223 explicatione
783 3184 929 3222 accepta
958 3188 1059 3221 spero
1089 3177 1181 3219 fore,
1213 3182 1252 3210 ut
1283 3175 1373 3210 omni
1404 3174 1599 3218 suspicione
1629 3174 1798 3209 liberat-us
1820 3174 1985 3209 videatur
2013 3174 2075 3209 ille
2100 3175 2280 3210 Ciceronis
2310 3175 2423 3218 locus,
2456 3186 2564 3219 quem

228 3234 397 3273 Halmius
423 3246 466 3273 ex
491 3236 705 3283 glossemate
729 3240 850 3272 natlun
874 3245 948 3271 esse
973 3238 1105 3286 censet,
