2812 3710
1311 288 1374 331 17

169 422 289 472 tera3
329 418 440 472 quid.
460 417 520 461 ea'
539 421 664 461 nocte
693 417 876 472 egisset,
915 417 1016 471 quid
1043 417 1089 461 in
1116 417 1352 472 proximam
1380 415 1690 471 constituisset,
1726 416 2069 471 quemadmodum
2099 422 2215 460 esset
2241 418 2283 460 ei
2310 417 2421 461 ratio
2449 421 2513 461 to-

171 486 259 529 tius
287 486 390 528 belli
417 486 645 540 descripta,
677 485 837 527 edocui.
899 486 1007 528 Cum
1034 486 1283 538 haesitaret,
1313 498 1408 528 cum
1435 489 1667 538 teneretur,
1697 484 1904 538 quaesivi,
1934 484 2035 536 quid
2063 485 2277 527 dubitaret
2304 486 2514 538 proficisci

173 567 242 609 eo,
286 566 367 608 quo
400 553 491 609 ¹jam
518 552 682 609 pridem
710 556 886 607 pararet
913 554 1024 596 etc.“
1085 552 1274 609 Catilina
1302 552 1495 607 profecto
1510 566 1610 597 non
1637 552 1913 606 haesitasset,
1956 551 1994 595 si
2023 552 2358 606 exspectavisset
2385 553 2512 608 hujus

171 622 346 665 sceleris
374 620 716 676 patefactionem.
777 622 932 674 Itaque
960 621 1241 676 colligendum
1269 625 1339 665 est
1365 621 1596 665 Catilinam
1623 620 1730 665 nihil
1758 621 1897 664 minus
1934 633 2061 673 quam
2089 620 2272 664 veritum
2306 634 2418 674 esse,
2458 634 2514 664 ne

171 690 320 733 horum
351 689 618 733 consiliorum
648 689 985 732 convinceretur.
1030 689 1116 733 Sed
1143 690 1374 732 movebant
1401 702 1496 732 eum
1525 690 1801 733 vehementer
1823 688 2052 742 trepidatio
2072 691 2117 730 et
2134 689 2338 731 tumultus
2357 688 2514 731 civium

169 757 331 802 nuntiis
360 757 614 801 Faesulanis
643 757 970 811 exagitatorum.
1028 757 1173 813 Quare
1201 757 1314 801 sicut
1342 757 1533 801 Catilina
1559 757 1708 811 paucis
1737 760 1838 800 ante
1872 756 2040 810 diebus,
2075 761 2180 799 'cum
2217 757 2313 810 lege
2342 756 2516 800 Plautia

170 826 402 868 arcessitus
432 829 547 868 esset
574 838 602 867 a
629 826 682 868 L.
712 825 873 878 Paulo,
904 838 959 868 ne
988 825 1103 868 cives
1131 838 1179 868 se
1207 825 1365 869 Manlii
1393 825 1553 868 socium
1581 838 1677 868 esse
1705 829 1919 878 putarent,
1948 824 2161 867 nonnullis
2191 825 2381 867 honestis
2408 825 2515 868 viris

169 893 216 936 in
243 893 421 936 liberam
450 905 497 936 se
525 892 703 936 dederat
733 892 985 946 custodiam,
1021 892 1086 936 ita
1111 898 1214 936 tunc
1241 896 1290 936 ut
1320 893 1499 937 eandem
1527 892 1808 947 suspicionem
1836 896 2094 946 removeret,
2123 892 2219 935 ideo
2247 892 2293 935 in
2321 896 2515 936 senatum

170 960 343 1005 venisse
371 960 584 1015 putandus
613 964 699 1015 est,
741 960 787 1003 id
824 960 935 1013 quod
964 960 1123 1003 diserte
1151 960 1380 1004 Sallustius
1409 960 1527 1002 dicit.
1538 959 1571 1016 ¹)
1630 959 1736 1015 Quis
1765 960 1876 1002 enim
1906 960 2101 1003 crederet
2128 960 2284 1014 ipsum,
2331 960 2368 1002 si
2403 960 2516 1004 tanti

169 1028 344 1072 sceleris
380 1029 530 1071 noxius
568 1032 702 1081 esset,
745 1028 791 1071 in
834 1031 1029 1071 senatum
1061 1033 1286 1072 venturum
1319 1027 1484 1072 fuisse?
1539 1030 1694 1082 Itaque
1722 1041 1815 1071 cum
1844 1029 2072 1072 Sallustius
2101 1029 2184 1071 sibi
2212 1029 2514 1084 proposuisset,

170 1101 221 1141 nt
250 1101 295 1140 et
321 1110 411 1150 res,
444 1109 551 1150 quae
581 1097 636 1139 ad
666 1096 901 1140 Catilinam
930 1096 1208 1150 pertinerent,
1246 1100 1293 1139 et
1320 1109 1388 1151 ea,
1427 1109 1537 1150 quae
1565 1097 1756 1141 Manlius
1784 1096 1982 1139 Faesulis
2010 1097 2199 1150 agitaret
2227 1109 2419 1149 quaeque
2447 1097 2515 1140 his

170 1164 353 1219 cognitis
381 1166 544 1207 Romae
578 1164 748 1217 fierent,
798 1166 1005 1216 perpetua
1040 1163 1230 1206 oratione
1264 1168 1604 1219 persequeretur,
1648 1177 1701 1207 ea
1734 1177 1817 1207 non
1851 1165 1979 1207 debet
2005 1165 2144 1208 videri
2176 1166 2299 1220 Justa
2321 1165 2514 1223 offensio,

171 1233 283 1286 quod
311 1236 564 1276 conventum
593 1232 905 1286 conjuratorum
934 1232 1047 1287 apud
1076 1232 1260 1275 Laecam
1290 1236 1336 1276 et
1363 1232 1471 1276 illud
1499 1237 1740 1277 senatorum
1769 1233 1989 1276 concilium
2029 1233 2191 1277 duobus
2229 1233 2379 1276 diebus
2418 1237 2517 1287 post

173 1300 366 1344 habitum
394 1313 480 1343 una
508 1299 822 1343 continuatione
853 1312 936 1342 non
965 1299 1205 1342 connexuit.
1252 1301 1368 1343 Nam
1397 1300 1539 1355 rebus,
1567 1313 1677 1354 quae
1706 1300 1761 1343 ad
1790 1300 2021 1343 Catilinam
2048 1301 2277 1355 pertinent,
2307 1301 2514 1343 absolutis

172 1368 401 1411 Sallustius
431 1368 588 1409 transit
617 1368 672 1409 ad
699 1367 910 1410 Manlium
939 1372 984 1409 et
1012 1367 1075 1409 sic
1102 1380 1172 1409 res
1205 1368 1314 1410 alias
1347 1381 1403 1410 ex
1436 1368 1540 1410 aliis
1568 1368 1693 1410 serit:
1739 1374 1912 1409 senatus
1940 1369 2156 1410 Romanus
2185 1369 2343 1411 certior
2371 1368 2513 1411 factus

171 1435 384 1479 Manlium
414 1435 458 1476 in
477 1434 655 1476 Etruria
682 1435 847 1487 plebem
868 1435 1098 1477 sollicitare
1118 1438 1163 1476 et
1181 1435 1325 1487 copias
1343 1448 1499 1487 parare
1518 1435 1764 1478 Ciceronem
1794 1435 1905 1477 dixit
1932 1435 2195 1489 dictatorem,
2225 1448 2307 1487 quo
2337 1440 2513 1478 auctore

173 1503 322 1555 copiae
349 1503 610 1555 parabantur
638 1506 682 1545 et
710 1502 769 1561 in·
788 1502 890 1545 locis
926 1502 1164 1545 sollicitatis
1201 1503 1528 1546 collocabantur.
1585 1502 1659 1546 Sic
1686 1502 1848 1544 reditus
1883 1502 2085 1546 Sallustio
2125 1508 2301 1555 paratus
2345 1508 2414 1546 est
2455 1504 2513 1546 ad

174 1569 423 1623 Catilinam,
455 1570 527 1623 qui
555 1571 635 1613 hac
663 1569 819 1612 civium
847 1569 1131 1622 trepidatione
1158 1568 1252 1624 ipse
1280 1571 1523 1625 perculsus,
1552 1573 1602 1612 ut
1630 1582 1773 1612 eorum
1802 1570 2064 1622 opinionibus
2093 1583 2254 1613 vacuus
2282 1572 2410 1625 culpa
2437 1584 2511 1613 ex-

170 1636 445 1692 istimaretur,
474 1637 520 1681 in
549 1640 742 1681 senatum
771 1648 798 1679 a
828 1635 1030 1680 Cicerone
1060 1639 1337 1681 convocatum
1364 1636 1498 1681 venit.
1556 1635 1754 1680 Ceterum
1785 1636 2010 1681 Sallustius
2039 1650 2130 1693 cap.
2159 1641 2225 1681 28.
2256 1641 2301 1692 4,
2345 1638 2418 1682 ubi
2454 1637 2512 1682 ad

171 1708 416 1750 Manlianos
445 1710 582 1749 motus
612 1706 786 1759 transit,
825 1706 1038 1759 particula
1069 1707 1288 1759 ,‚interea“
1317 1707 1483 1750 inserta
1508 1706 1688 1759 indicat,
1719 1719 1826 1758 quae
1855 1707 2053 1761 deinceps
2082 1711 2311 1750 narrantur
2339 1720 2427 1761 res,
2464 1708 2511 1750 in

171 1774 285 1818 idem
313 1774 515 1829 temporis
545 1774 729 1828 spatium
757 1773 945 1817 incidere
977 1777 1105 1826 atque
1134 1787 1223 1828 eas,
1252 1788 1362 1827 quae
1390 1774 1513 1818 modo
1541 1778 1798 1817 memoratae
1827 1778 1938 1816 sunt.

314 1841 476 1898 Quibus
505 1840 733 1898 disputatis
762 1853 972 1897 apparere
1001 1841 1163 1886 confido
1192 1842 1440 1887 Sallustium
1469 1854 1566 1887 eum
1594 1845 1785 1886 secutum
1824 1854 1918 1885 esse
1946 1842 2147 1886 narrandi
2186 1842 2391 1897 ordinem,
2436 1843 2511 1897 qui

170 1910 527 1953 commodissimus
558 1914 671 1953 esset
699 1910 754 1952 ad
784 1910 1126 1964 conjurationem,
1156 1910 1507 1964 quemadmodum
1533 1910 1619 1966 ipsi
1646 1910 1876 1964 videretur,
1906 1911 2209 1964 explicandam.

316 2012 342 2055 ¹)
366 2011 444 2046 Cat.
469 2014 525 2046 31.
551 2013 588 2046 5:
624 2011 808 2045 Postremo
841 2010 1083 2044 dissimulandi
1115 2021 1222 2045 causa
1254 2014 1319 2045 aut
1346 2011 1402 2046 sui
1434 2011 1673 2055 expurgandi,
1705 2010 1809 2045 sicuti
1834 2011 1957 2055 jurgio
1987 2012 2170 2046 lacessitus
2200 2012 2310 2055 foret,
2340 2012 2377 2046 in
2406 2023 2507 2047 sena·

170 2074 247 2105 tum
272 2067 381 2104 venit.
