2812 3710
1396 222 1457 268 12

398 357 462 399 Ut
489 355 745 398 sententiam
779 369 898 397 suam
936 356 1102 409 probet,
1139 353 1261 396 addit
1287 354 1357 396 vir
1382 352 1696 396 illustrissimus
1725 356 2053 396 consentaneum
2081 365 2176 395 esse
2206 352 2451 395 Ciceronem
2481 356 2590 395 tem-

253 436 403 478 porum
432 427 477 466 et
505 436 646 466 rerum
674 422 881 465 rationem
911 422 973 464 ita
1006 421 1288 476 significasse,
1332 424 1382 464 ut
1415 423 1581 464 noctem
1617 420 1754 474 illam,
1797 432 1883 474 qua
1918 424 2063 464 coetus
2099 421 2410 475 conjuratorum
2450 420 2591 463 factus

255 494 382 545 esset,
413 491 594 534 alteram
624 490 757 534 fuisse
785 496 882 546 post
910 489 1171 534 comitiorum
1200 488 1312 533 diem
1342 488 1503 532 diserte
1531 488 1706 532 diceret.
1750 489 1985 532 Praeterea
2007 492 2131 544 putat
2152 488 2457 532 Mommsenius
2485 489 2592 532 duos

255 559 350 602 illos
380 558 545 613 equites
574 571 658 601 non
687 558 833 601 eadem
862 563 997 612 nocte,
1028 569 1111 612 qua
1138 556 1360 601 consilium
1389 557 1531 601 caedis
1558 556 1727 600 initium
1757 556 1827 611 sit,
1858 556 1934 600 sed
1961 556 2154 612 proxima
2182 556 2348 600 demum
2377 560 2501 600 nocte
2530 556 2591 600 ad

255 627 428 670 caedem
457 626 754 679 perficiendam
783 638 1008 679 aggressos
1038 637 1153 677 esse;
1191 624 1356 668 scilicet
1388 628 1564 679 propter
1591 624 1795 678 temporis
1823 624 2046 678 angustias
2073 624 2167 667 fieri
2195 624 2269 666 vix
2298 623 2504 678 potuisse,
2544 627 2595 665 ut

256 693 406 739 Cicero
435 692 654 737 consilium
686 693 818 736 multa
845 696 968 735 nocte
997 705 1024 735 a
1052 692 1285 747 conjuratis
1314 697 1485 748 captum
1514 692 1659 735 multis
1688 705 1740 735 ac
1758 693 1934 735 summis
1952 693 2059 735 viris
2078 693 2353 746 praediceret,
2384 692 2422 733 si
2440 705 2596 733 revera

256 762 396 819 pn'ma
425 762 518 804 luce
548 761 720 805 vixdum
750 764 871 804 coetu
899 760 1209 816 conjuratorum
1239 759 1414 805 dimisso
1442 757 1586 804 sicarii
1614 757 1786 804 caedem
1815 758 2018 815 perficere
2048 759 2189 804 conati
2219 762 2374 804 essent.
2419 757 2588 803 Cicero·

255 831 324 873 nis
353 835 496 872 autem
524 830 656 881 ipsius
685 829 967 870 testimonium
996 829 1040 870 in
1069 829 1166 871 Cat.
1195 831 1233 871 I.
1265 834 1291 871 9
1320 832 1365 871 et
1396 832 1449 870 10
1483 828 1655 870 disertis
1685 828 1827 870 verbis
1872 827 2053 871 dicentis
2096 824 2264 881 equites
2303 827 2398 870 illos
2441 826 2591 870 eadem

254 901 380 943 nocte
408 897 464 942 ad
492 911 539 942 se
568 898 795 941 salutatum
824 896 1005 950 venisse,
1035 911 1118 940 non
1146 897 1211 940 ita
1238 897 1382 950 magni
1409 896 1610 939 momenti
1638 909 1751 948 esse;
1782 909 1955 948 prorsus
1983 897 2095 938 enim
2115 896 2332 938 Ciceronis
2361 909 2455 938 esse
2484 901 2590 938 tem-

255 966 371 1021 poris
415 966 519 1010 illud
562 965 760 1019 spatium,
806 965 916 1017 quod
950 964 1243 1009 intercesserit
1274 961 1388 1009 inter
1416 964 1633 1008 consilium
1663 964 1807 1007 caedis
1837 964 2011 1019 eJusque
2041 964 2350 1018 perpetrandae
2379 968 2591 1018 conatum,

256 1048 382 1087 quam
410 1034 591 1076 maxime
619 1034 754 1086 possit
782 1034 1027 1085 obscurare;
1060 1034 1309 1076 Ciceronem
1337 1033 1465 1085 enim,
1497 1045 1581 1085 qua
1610 1032 1742 1074 fuerit
1770 1032 1985 1084 vanitate,
2017 1043 2119 1084 prae
2149 1043 2195 1073 se
2224 1031 2373 1074 tulisse
2402 1031 2594 1075 divinam

257 1101 466 1156 quandam
496 1100 624 1145 animi
652 1100 735 1143 vim
766 1104 894 1153 atque
924 1101 1219 1155 provisionem,
1249 1114 1374 1154 quam
1402 1101 1508 1143 nihil
1536 1104 1682 1153 posset
1710 1100 1917 1155 fugere.¹)

400 1156 542 1226 Quare
572 1184 624 1212 ex
646 1168 913 1212 Mommsenii
942 1169 1157 1212 sententia
1184 1169 1248 1211 ita
1275 1182 1345 1211 res
1375 1181 1469 1211 sese
1498 1172 1775 1221 exceperunt:
1806 1168 1942 1221 pridie
1962 1168 2110 1210 Nonas
2132 1168 2394 1210 Novembres
2419 1167 2593 1210 comitia

256 1239 404 1283 habita
442 1242 559 1291 sunt3
605 1241 727 1281 nocte
766 1250 835 1290 ea,
880 1250 988 1290 quae
1026 1240 1256 1281 consecuta
1284 1240 1351 1280 est
1380 1237 1528 1280 Nonas
1558 1237 1841 1288 Novembres,
1887 1234 2094 1290 conjurati
2124 1240 2412 1279 convenerunt
2439 1236 2495 1278 ad
2524 1237 2589 1279 M.

256 1308 461 1358 Laecam3
492 1310 663 1358 postera
681 1310 804 1347 nocte
825 1305 975 1347 Cicero
995 1306 1213 1347 consilium
1242 1305 1375 1357 ipsius
1404 1304 1687 1347 interficiendi
1716 1304 1938 1357 impedivit
1968 1304 2152 1345 exclusis
2181 1304 2247 1356 iis,
2278 1316 2381 1356 quos
2401 1303 2591 1346 Catilina

256 1374 486 1416 salutatum
516 1373 710 1424 miserat3
742 1386 780 1414 a.
811 1372 851 1413 d.
882 1373 985 1415 VII.
1016 1372 1080 1414 Id.
1113 1374 1223 1414 Nov.
1254 1373 1291 1413 is
1320 1372 1498 1424 primam
1527 1373 1571 1413 in
1601 1372 1829 1414 Catilinam
1859 1372 2094 1413 orationem
2124 1371 2283 1412 habuit.

397 1441 524 1485 Hanc
554 1439 789 1495 opinionem
819 1440 971 1484 falsam
1001 1454 1094 1484 esse
1124 1444 1321 1495 apparet,
1361 1440 1398 1484 si
1436 1441 1603 1494 quidem
1633 1441 1686 1484 de
1715 1441 1783 1484 die
1813 1440 2073 1483 comitiorum
2108 1445 2222 1482 recte
2253 1454 2279 1482 a
2308 1441 2429 1482 nobis
2458 1453 2590 1491 supra

255 1511 515 1563 disputatum
547 1513 625 1551 est.
676 1509 760 1552 Sed
790 1521 870 1562 quo
891 1509 1027 1551 minus
1047 1509 1099 1552 de
1122 1508 1391 1552 Mommsenii
1420 1520 1562 1552 errore
1592 1507 1779 1552 dubitari
1807 1507 1961 1562 possit,
1992 1506 2199 1551 accedunt
2227 1506 2312 1551 alia
2341 1510 2594 1563 argumenta

256 1592 309 1622 ex
338 1579 429 1631 ipso
460 1578 727 1621 Ciceroniani
756 1578 836 1620 loci
865 1582 1065 1619 contextu
1095 1578 1234 1619 ducta.
1294 1578 1379 1620 Sed
1413 1578 1622 1630 fingamus
1658 1577 1914 1631 adjectivum
1947 1579 2211 1630 „posterum“
2244 1576 2396 1618 referri
2431 1577 2486 1618 ad
2524 1588 2591 1619 co-

254 1645 376 1691 mitia
413 1646 534 1691 modo
568 1650 820 1700 memorata3
860 1650 1026 1700 oportet
1055 1659 1107 1690 ex
1137 1646 1282 1690 addito
1310 1646 1501 1701 genitivo
1533 1647 1779 1699 „Nonarum
1809 1645 2136 1689 Novembrium“
2169 1646 2438 1698 conjiciamus
2468 1647 2590 1688 Cice-

255 1728 398 1757 ronem
428 1728 511 1757 non
541 1715 660 1757 modo
695 1715 894 1768 temporis
930 1727 1100 1768 nexum,
1146 1715 1218 1768 qui
1246 1714 1531 1758 intercederet
1559 1714 1673 1756 inter
1701 1713 1871 1757 comitia
1901 1712 2138 1756 consularia
2167 1717 2211 1755 et
2240 1717 2489 1756 conventum
2517 1727 2590 1756 no-

256 1786 468 1835 cturnum,
506 1783 707 1824 denotare
738 1782 939 1835 voluisse,
971 1783 1045 1825 sed
1076 1783 1202 1825 etiam
1233 1787 1399 1837 tempus
1428 1782 1563 1836 ipsum
1594 1781 1816 1834 utriusque
1846 1781 1909 1824 rei
1938 1781 2124 1824 definire.
2184 1780 2295 1837 Quid
2324 1779 2483 1835 igitur?
2518 1780 2592 1834 qui

256 1851 361 1893 duas
391 1864 479 1903 res,
525 1864 632 1902 quae
677 1851 721 1892 in
764 1851 854 1892 dies
890 1864 983 1892 sese
1019 1852 1279 1903 excipientes
1315 1851 1573 1902 inciderunt,
1618 1862 1794 1891 narrare
1824 1862 2049 1902 earumque
2079 1854 2242 1902 tempus
2272 1850 2446 1891 definire
2476 1850 2592 1892 volet

256 1917 450 1972 scriptor,
482 1918 717 1961 alterumue
747 1917 855 1961 diem
886 1918 1085 1961 definiet?
1145 1919 1390 1962 Absurdum
1419 1918 1464 1960 id
1493 1918 1679 1971 quidem,
1717 1931 1810 1961 cum
1840 1918 1945 1960 nihil
1974 1918 2140 1960 facilius
2170 1919 2227 1960 sit
2256 1932 2380 1970 quam
2410 1918 2588 1960 definire

256 1987 439 2039 priorem
483 1986 594 2027 diem
639 1991 682 2027 et
725 1986 970 2039 simpliciter
1012 1998 1212 2040 pergere:
1258 1986 1476 2040 postridie.
1541 1985 1606 2028 At
1640 1990 1788 2028 contra
1817 1985 1965 2028 Cicero
1996 1998 2048 2028 ex
2079 1986 2345 2030 Mommsenii
2375 1986 2592 2029 sententia

259 2054 439 2107 primum
469 2058 762 2095 commemorat
791 2054 960 2096 comitia
988 2054 1032 2095 in
1061 2055 1196 2096 medio
1225 2055 1480 2106 relinquens,
1512 2054 1555 2096 in
1585 2067 1707 2106 quem
1737 2055 1847 2095 diem
1877 2054 2118 2106 inciderint;
2150 2055 2344 2096 nimirum
2374 2055 2485 2096 diem
2513 2055 2588 2096 de-

257 2121 380 2164 finire
409 2133 491 2163 non
522 2133 625 2173 opus
656 2126 739 2173 est,
785 2121 939 2174 quippe
975 2121 1046 2175 qui
1081 2122 1277 2175 cognosci
1306 2122 1441 2175 possit
1471 2135 1523 2164 ex
1553 2125 1753 2164 accurata
1781 2121 2021 2164 definitione
2051 2122 2209 2174 posteri
2238 2122 2322 2164 diei
2351 2123 2420 2164 vel
2449 2122 2591 2175 potius

257 2188 412 2242 noctis,
459 2201 566 2241 quae
609 2194 823 2242 posterum
858 2189 967 2231 diem
1003 2193 1228 2232 consecuta
1262 2194 1341 2232 est.
1401 2189 1513 2246 Quid
1542 2189 1647 2232 adeo
1676 2194 1888 2244 repugnat
1916 2190 2206 2234 consuetudini
2235 2194 2278 2234 et
2307 2191 2451 2235 sensui
2480 2203 2591 2235 com-

256 2257 404 2300 muni?
464 2258 532 2299 Ac
562 2271 615 2299 ne
645 2258 819 2299 denotat
849 2258 1016 2310 quidem
1046 2259 1213 2311 Cicero,
1259 2260 1302 2300 id
1337 2259 1446 2311 quod
1483 2260 1575 2313 jam
1603 2259 1831 2301 Richterus
1866 2259 2042 2311 monuit,
2088 2260 2216 2302 ullum
2252 2271 2407 2302 nexum
2436 2272 2590 2314 rerum,

257 2326 334 2370 sed
364 2338 417 2369 ex
448 2329 537 2368 toto
568 2338 706 2368 rerum
736 2326 792 2368 ad
821 2326 1150 2378 conjurationem
1180 2326 1479 2379 pertinentium
1515 2339 1688 2368 numero
1723 2328 1942 2369 nonnullas
1981 2331 2144 2370 tantum
2181 2328 2388 2381 decerpit,
2434 2333 2478 2370 et
2516 2340 2591 2371 eas

257 2394 442 2449 quidem,
489 2407 597 2447 quae
641 2397 769 2447 aptae
814 2394 900 2437 sint
944 2398 988 2437 et
1016 2395 1071 2437 ad
1100 2408 1216 2437 reum
1246 2408 1273 2438 a
1302 2395 1540 2447 suspicione
1569 2394 1830 2437 liberandum
1861 2399 1903 2437 et
1931 2395 1986 2437 ad
2015 2400 2302 2437 accusatorem
2333 2397 2591 2450 redarguen-

256 2462 368 2505 dum.
428 2461 615 2515 Ideoque
644 2461 720 2504 illa
748 2474 831 2505 nox
862 2465 949 2504 tam
984 2468 1182 2505 accurate
1221 2465 1393 2505 notatur
1435 2476 1518 2506 non
1562 2463 1653 2506 sine
1696 2463 1967 2506 acerbissima
2010 2463 2320 2517 vituperatione
2363 2464 2473 2518 ejus,
2519 2464 2594 2517 qui

256 2531 417 2574 Sullam
446 2534 737 2582 accusaverat,
768 2531 878 2582 quod
908 2531 1046 2572 socius
1077 2530 1230 2572 fuisset
1258 2531 1302 2572 in
1332 2531 1622 2584 conjuratione
1643 2530 1915 2585 Catilinaria3
1947 2543 2070 2585 quam
2099 2532 2154 2576 ad
2183 2532 2515 2576 criminationem
2544 2543 2594 2576 se

257 2598 479 2643 subornari
509 2613 660 2651 passus
690 2603 784 2641 erat
813 2613 839 2641 a
868 2604 1004 2651 patre,
1036 2601 1108 2651 qui
1139 2601 1219 2641 hac
1248 2603 1384 2649 nocte,
1416 2612 1509 2639 cum
1538 2600 1654 2640 illam
1683 2600 1764 2640 sibi
1793 2601 2021 2642 officiosam
2051 2602 2309 2654 provinciam
2330 2602 2591 2654 deposceret,

256 2670 305 2710 ut
334 2667 545 2710 consulem
575 2666 824 2720 trucidaret,
856 2665 969 2710 inter
998 2668 1240 2722 conjuratos
1270 2666 1428 2720 primas
1457 2671 1603 2721 partes
1633 2669 1837 2722 egeram)

401 2827 428 2869 ¹)
451 2825 589 2870 Operae
613 2825 765 2870 pretium
788 2830 844 2861 est
867 2825 979 2869 ipsum
1004 2824 1272 2860 Mommsenium
1296 2824 1430 2860 audire.
1479 2825 1574 2860 Dass
1598 2825 1732 2870 Cicero,
1757 2825 1881 2871 inquit,
1905 2827 2001 2864 diese
2025 2826 2281 2864 Zwischenzeit
2304 2827 2394 2863 nach
2418 2826 2592 2873 Moglich-

257 2883 334 2919 keit
357 2883 394 2919 in
418 2884 486 2919 den
503 2883 675 2919 Schatten
700 2884 798 2919 stelit
823 2885 891 2918 und
917 2884 974 2918 fur
997 2884 1055 2918 die
1071 2884 1230 2918 Zuhorer
1248 2883 1512 2918 verschwinden
1537 2884 1635 2926 lasst,
1660 2884 1706 2918 ist
1730 2895 1823 2926 ganz
1847 2885 1883 2919 in
1907 2885 2021 2919 seiner
2037 2885 2168 2920 Weise.
2213 2885 2257 2919 In
2280 2885 2395 2919 stillet
2410 2884 2594 2918 Allmacht

257 2940 329 2975 und
346 2939 615 2975 Allwissenheit
638 2939 757 2986 gleich
781 2939 844 2975 der
860 2940 1058 2975 waltenden
1078 2939 1292 2985 Vorsehnng
1316 2939 1454 2976 machte
1478 2940 1543 2976 der
1566 2950 1688 2985 grosse
1706 2940 1833 2977 Consul
1856 2941 1913 2979 die
1928 2942 2041 2978 Plane
2058 2943 2121 2978 der
2137 2942 2437 2978 Versehworenen
2461 2952 2594 2986 augen-

259 2997 425 3032 blieklich
449 3008 493 3031 zu
510 2997 713 3037 Schandem
739 3008 777 3031 es
801 2998 966 3031 schadete
990 2998 1068 3032 dem
1093 2997 1312 3032 drastiscnen
1328 2997 1456 3041 Effect‚
1480 2998 1615 3032 sowohl
1637 3008 1738 3032 wenn
1762 3009 1842 3033 man
1866 2999 1923 3034 die
1939 2998 2065 3045 Quelle
2089 2999 2219 3043 erfuhr,
2243 3009 2306 3034 ans
2322 2998 2474 3034 welcher
2497 2997 2596 3034 dieso

258 3053 474 3100 Vorsehung
498 3053 572 3090 sich
595 3053 811 3098 infor-mitte,
840 3054 894 3091 als
917 3064 1020 3091 wenn
1044 3054 1101 3091 die
1126 3054 1291 3091 Zeitfrist
1314 3054 1472 3091 bekannt
1496 3066 1581 3100 war,
1609 3055 1667 3091 die
1691 3055 1872 3093 derselben
1895 3068 1958 3093 zur
1980 3057 2138 3093 Abwehr
2161 3058 2222 3094 des
2246 3057 2419 3102 Schlages
2441 3061 2595 3093 verstat·

260 3117 313 3147 tet
338 3123 423 3146 war.

408 3170 439 3214 ²)
462 3168 597 3215 Quibus
620 3169 791 3214 expositis
814 3181 885 3206 non
909 3181 995 3214 opus
1020 3175 1074 3206 est
1099 3170 1232 3214 dicere,
1256 3181 1361 3213 quam
1385 3170 1518 3205 trustra
1540 3170 1590 3205 sit
1612 3170 1895 3216 memmimus,
1922 3172 1982 3215 qui
2005 3173 2129 3209 verba:
2165 3178 2288 3213 „nocte
2312 3183 2369 3217 ea,
2401 3182 2492 3216 quae
2516 3183 2598 3207 con·

259 3231 383 3263 secuta
407 3232 461 3262 est
485 3233 660 3271 posterum
685 3226 778 3263 diem
802 3228 982 3264 Nonarum
1006 3229 1039 3263 N
1043 3229 1281 3264 ovembrium⁴⁶
1307 3228 1428 3272 spuria
1457 3238 1534 3264 esse
1563 3227 1745 3263 contendit
1775 3229 1842 3264 hac
1869 3229 2088 3273 potissimum
2119 3241 2226 3265 causa
2255 3231 2396 3273 ductus,
2431 3230 2524 3274 quod
2555 3229 2594 3264 in
