2812 3710
1444 225 1471 272 3

287 357 395 411 isse,
434 368 530 399 cum
567 359 615 399 tu
650 356 840 399 discessu
869 360 1104 400 ceterorum
1132 360 1281 401 nostra
1307 361 1471 413 tamen,
1507 357 1582 410 qui
1613 356 1982 411 remansissemuS,
2019 356 2150 399 caede
2182 361 2228 399 te
2261 361 2503 401 contentum
2533 370 2627 401 esse

289 423 492 468 dicebas?

431 491 478 534 in
507 491 603 535 Cat.
633 492 671 535 Ι.
693 496 740 534 8:
791 490 937 547 Quid?
972 504 1065 535 cum
1099 495 1148 535 tu
1175 496 1221 536 te
1248 493 1486 536 Praeneste
1511 492 1725 536 Kalendis
1753 492 1859 545 ipsis
1887 491 2200 535 Novembribus
2228 496 2526 546 occupaturum
2553 506 2626 537 no-

286 563 439 604 cturno
458 559 619 614 impetu
638 573 733 603 esse
756 559 999 614 confideres,
1029 560 1258 604 sensistine
1285 560 1405 605 illam
1432 561 1639 605 coloniam
1665 573 1759 604 meo
1782 561 1907 615 jussu
1935 559 2041 603 meis
2069 560 2307 614 praesidiis,
2337 561 2539 604 custodiis
2563 562 2626 605 vi-

286 627 487 683 giliisque
516 639 610 671 esse
639 626 873 670 munitam?
1495 627 1498 629 ’
2481 667 2483 669 ,

383 685 389 690 ’
429 708 506 749 pro
535 696 655 739 Sulla
684 689 759 737 52:
807 695 908 747 quid
935 695 1107 738 tandem
1135 696 1190 738 de
1217 696 1293 738 illa
1318 699 1444 739 nocte
1471 696 1588 751 dicit,
1618 709 1714 739 cum
1741 697 1855 739 inter
1883 696 2083 738 falcarios
2111 695 2167 738 ad
2196 696 2260 739 Μ.
2291 696 2476 739 Laecam
2503 701 2627 740 nocte

286 776 361 818 ea,
399 776 509 817 quae
547 767 775 807 consecuta
808 767 874 807 est
902 767 1118 816 posterum
1146 763 1258 807 diem
1285 764 1506 808 Nonarum
1534 765 1841 809 Novembrium
1868 778 1936 807 me
1965 765 2136 807 consule
2165 763 2377 807 Catilinae
2405 765 2627 808 denuntia-

285 831 404 875 tione
432 830 659 875 convenit?

431 900 659 944 Accedunt
686 899 719 942 ii
748 900 842 954 loci,
875 900 1026 954 quibus
1056 904 1223 955 tempus
1251 902 1322 945 vel
1350 901 1591 945 summatim
1619 902 1884 957 significatur
1907 902 1978 945 vel
2005 913 2083 955 per
2110 901 2240 944 aliam
2268 913 2355 944 rem
2385 901 2597 945 definitur.

429 969 474 1011 in
503 969 599 1011 Cat.
629 970 667 1011 Ι.
700 973 743 1010 1:
790 968 903 1024 Quid
931 969 1141 1023 proxima,
1178 970 1279 1022 quid
1307 970 1524 1024 superiore
1551 974 1676 1013 nocte
1705 971 1863 1024 egeris,
1895 971 1967 1013 ubi
1996 970 2148 1023 fueriS,
2179 983 2284 1022 quos
2313 971 2626 1026 convocaveris,

286 1036 387 1089 quid
417 1037 584 1080 consilii
612 1036 788 1090 ceperis,
820 1049 941 1089 quem
970 1040 1161 1080 nostrum
1188 1034 1387 1091 ignorare
1413 1037 1667 1081 arbim-aris?

427 1104 472 1148 in
501 1104 596 1149 Cat.
626 1105 663 1149 Ι.
696 1108 741 1148 4:
780 1104 845 1148 At
873 1117 974 1148 vero
1013 1117 1089 1148 nos
1118 1104 1363 1149 vicesimum
1392 1105 1483 1161 Jam
1516 1105 1628 1149 diem
1660 1106 1845 1160 patimur
1881 1106 2111 1149 hebescere
2140 1105 2276 1149 aciem
2305 1106 2453 1149 horum
2482 1109 2626 1150 aucto·

286 1173 445 1215 ritatis.
506 1174 728 1215 Habemus
758 1174 868 1215 enim
898 1173 1136 1228 huiusmodi
1172 1176 1347 1216 senatus
1382 1174 1635 1227 consultum,
1672 1186 1818 1216 verum
1854 1175 2061 1216 inclusum
2089 1174 2133 1216 in
2162 1174 2320 1217 tabulis
2349 1180 2551 1227 tanquam
2580 1175 2624 1218 in

284 1241 445 1295 vagina
474 1242 750 1294 reconditum,
780 1255 861 1293 quo
882 1255 936 1284 ex
966 1245 1140 1283 senatus
1170 1242 1362 1283 consulto
1391 1241 1614 1284 confestim
1642 1242 1912 1285 interfectum
1942 1247 1986 1285 te
2015 1255 2122 1296 esse,
2153 1242 2353 1294 Catilina,
2383 1243 2595 1285 convenit.

427 1308 473 1352 in
502 1307 598 1353 Cat.
627 1309 664 1353 Ι.
697 1313 741 1351 8:
778 1309 1051 1363 Recognosce
1081 1320 1245 1351 mecum
1273 1308 1445 1353 tandem
1472 1312 1639 1352 noctem
1666 1308 1782 1352 illam
1811 1310 2088 1363 superiorem:
2120 1311 2210 1364 jam
2238 1310 2463 1364 intelleges
2492 1311 2625 1354 multo

284 1389 352 1419 me
371 1376 551 1431 vigilare
580 1377 720 1420 acrius
750 1377 805 1419 ad
835 1377 1018 1419 salutem
1048 1388 1173 1429 quam
1202 1379 1247 1418 te
1276 1377 1331 1419 ad
1359 1376 1588 1431 perniciem
1606 1377 1670 1419 rei
1688 1378 1893 1431 publicae.
1938 1378 2046 1420 Dico
2076 1382 2120 1420 te
2149 1378 2289 1431 priore
2308 1383 2432 1421 nocte
2451 1378 2624 1421 venisse

282 1445 397 1486 inter
426 1445 623 1487 falcarios
659 1469 717 1474 —
754 1458 837 1487 non
866 1457 991 1498 agam
1021 1445 1198 1486 obscure
1235 1468 1291 1474 --
1328 1445 1375 1486 111
1402 1445 1468 1488 M.
1497 1445 1669 1487 Laecae
1697 1446 1880 1499 domum,
1925 1446 2171 1487 convenisse
2206 1446 2351 1487 eodem
2387 1447 2623 1499 complures

283 1513 473 1567 ejusdem
502 1513 712 1556 amentiae
721 1512 997 1565 ..scelerisque
1024 1512 1173 1555 socios.
1207 1534 1212 1539 ·

425 1592 469 1636 in
499 1592 593 1636 Cat.
623 1593 660 1635 I.
693 1597 717 1635 9
748 1596 792 1635 et
823 1596 897 1635 10:
949 1591 1091 1635 Fuisti
1120 1591 1254 1647 igitur
1289 1592 1402 1646 apud
1430 1592 1615 1635 Laecam
1652 1591 1727 1635 illa
1758 1597 1900 1646 nocte,
1938 1591 2143 1646 Catilina,
2182 1593 2438 1636 distribuisti
2473 1597 2621 1648 partos

281 1661 451 1715 Italiae,
482 1661 690 1709 statuisti,
721 1673 802 1713 quo
833 1672 1038 1713 quemque
1067 1660 1276 1714 proficisci
1302 1661 1511 1715 placeret,
1544 1660 1762 1714 delegisti,
1798 1673 1901 1713 quos
1929 1661 2088 1704 Romae
2118 1661 2391 1714 relinqueres,
2422 1675 2527 1715 quos
2555 1666 2620 1707 te-

283 1742 378 1772 cum
407 1731 627 1782 educeres,
664 1729 927 1782 descripsisti
963 1729 1080 1771 urbis
1110 1734 1256 1782 partes
1292 1730 1348 1771 ad
1382 1729 1596 1783 incendia,
1633 1730 1889 1771 confirmasti
1917 1734 1961 1771 te
1989 1730 2124 1783 ipsum
2148 1731 2237 1784 jam
2267 1744 2361 1772 esse
2390 1732 2618 1785 exiturum,

281 1797 432 1841 dixisti
460 1798 674 1852 paululum
703 1797 782 1840 tibi
814 1809 909 1840 esse
939 1797 1067 1841 etiam
1096 1809 1207 1841 nunc
1235 1810 1391 1852 morae,
1422 1797 1533 1851 quod
1562 1809 1642 1852 ego
1661 1797 1862 1841 viverem.
1906 1798 2083 1852 Reperti
2111 1803 2211 1842 sunt
2238 1798 2319 1842 duo
2348 1799 2512 1852 equites
2532 1799 2618 1843 Ro·

278 1866 411 1920 mani,
449 1867 523 1919 qui
557 1871 601 1908 te
636 1867 721 1908 ista
756 1879 856 1908 cura
891 1866 1125 1909 liberarent
1154 1870 1199 1909 et
1227 1878 1322 1909 sese
1349 1867 1426 1909 illa
1453 1867 1549 1921 ipsa
1576 1870 1699 1909 nocte
1727 1867 1851 1920 paulo
1881 1872 1980 1909 ante
2009 1869 2142 1910 lucem
2171 1880 2237 1910 me
2265 1868 2309 1910 111
2339 1881 2429 1911 11100
2459 1869 2615 1913 lectulo

278 1935 578 1978 interfecturos
608 1947 701 1977 esse
730 1935 1042 1988 pollicerentur.
1102 1935 1227 1977 Haec
1256 1947 1335 1988 ego
1365 1935 1507 1978 omnia
1533 1934 1707 1978 vixdum
1737 1935 1864 1977 etiam
1894 1941 2014 1978 coetu
2042 1942 2185 1978 vestro
2214 1936 2384 1978 dimisso
2414 1938 2613 1992 comperi,

277 2003 445 2046 domum
473 2016 609 2047 meam
638 2003 866 2057 maj0ribus
895 2003 1120 2056 praesidiis
1150 2003 1313 2046 munivi
1342 2007 1472 2055 atque
1500 2003 1679 2055 firmavi,
1710 2004 1870 2045 exclusi
1900 2017 1984 2056 eos,
2015 2017 2117 2055 quos
2147 2008 2193 2046 tu
2222 2005 2277 2046 ad
2296 2017 2362 2046 me
2382 2006 2615 2048 salutatum

276 2084 402 2115 mane
431 2071 621 2125 miseras,
653 2083 747 2115 cum
775 2070 837 2114 illi
867 2071 949 2124 ipsi
969 2071 1200 2125 venissent,
1232 2083 1335 2124 quos
1366 2083 1445 2126 ego
1469 2071 1560 2126 Jam
1589 2071 1732 2114 multis
1762 2084 1812 2114 ac
1837 2072 2008 2114 summis
2028 2072 2131 2115 viris
2160 2072 2215 2115 ad
2244 2085 2309 2115 me
2338 2073 2382 2115 id
2411 2074 2614 2127 temporis

277 2145 479 2183 venturos
508 2140 815 2192 praedixeram.

419 2220 463 2262 in
494 2219 588 2262 Cat.
619 2220 680 2262 II.
712 2224 759 2261 6:
806 2219 946 2261 omnia
975 2218 1203 2271 superioris
1232 2218 1369 2260 noctis
1399 2219 1576 2261 consilia
1604 2219 1658 2261 ad
1688 2232 1754 2261 me
1787 2220 1929 2261 delata
1964 2233 2057 2262 esse
2092 2197 2300 2266 sentiunt:
2347 2221 2531 2273 patefeci
2567 2223 2613 2264 in

276 2293 428 2331 senatu
459 2289 657 2330 hesterno
687 2287 778 2340 die;
810 2287 997 2330 Catilina
1025 2287 1116 2340 ipse
1145 2286 1375 2354 pertimuit,
1405 2286 1608 2341 profugit.

417 2368 462 2411 in
491 2368 586 2412 Cat.
617 2357 692 2411 IL‘
712 2373 782 2411 12:
830 2369 1045 2410 Hesterno
1082 2367 1169 2421 die,
1214 2380 1308 2409 cum
1343 2367 1454 2409 domi
1492 2380 1613 2410 meae
1656 2379 1790 2419 paene
1834 2367 2085 2410 interfectus
2129 2381 2282 2421 essem,
2328 2375 2521 2412 senatum
2567 2370 2613 2413 in

274 2437 424 2480 aedem
454 2437 486 2480 J
488 2436 579 2480 ovis
609 2436 791 2481 Statoris
822 2436 983 2490 vocavi,
1014 2449 1100 2479 rem
1131 2448 1293 2479 omnem
1322 2435 1376 2479 ad
1405 2439 1550 2489 patres
1579 2434 1836 2488 conscriptos
1867 2435 2011 2478 detuli.

418 2518 593 2560 ibidem:
624 2519 711 2560 Hic
732 2532 810 2572 ego
830 2519 1058 2561 vehemens
1077 2518 1147 2560 ille
1177 2519 1334 2570 consul,
1364 2517 1436 2570 qui
1465 2518 1595 2559 verbo
1625 2516 1740 2558 cives
1770 2516 1813 2558 in
1843 2516 2036 2558 exsilium
2067 2517 2202 2570 ejicio,
2233 2519 2426 2569 quaesivi
2446 2532 2470 2561 a
2493 2521 2610 2562 {jati—

273 2585 375 2640 lina,
405 2586 451 2630 in
479 2590 685 2630 nocturno
716 2590 925 2630 conventu
955 2586 1067 2641 apud
1096 2587 1160 2631 M.
1190 2586 1375 2630 Laecam
1404 2584 1560 2628 fuisset
1587 2596 1732 2627 necne.
1792 2583 1896 2627 Cum
1925 2584 1998 2627 ille
2027 2585 2148 2627 homo
2177 2585 2484 2630 audacissimus
2513 2600 2611 2632 con—

272 2655 454 2697 scientia
483 2655 700 2697 convictus
730 2656 862 2709 primo
892 2655 1151 2707 reticuisset,
1188 2653 1371 2708 patefeci
1399 2657 1566 2706 cetera;
1602 2653 1702 2706 quid
1732 2665 1784 2695 ea
1811 2657 1933 2694 nocte
1963 2652 2140 2706 egisset,
2172 2653 2272 2706 quid
2302 2654 2347 2696 in
2376 2656 2611 2709 proximam

272 2724 579 2777 constituisset,
610 2725 955 2776 quemadmodum
986 2729 1100 2767 esset
1129 2724 1169 2766 ei
1198 2723 1307 2767 ratio
1336 2724 1467 2766 totius
1494 2723 1597 2766 belli
1627 2723 1839 2775 descripta
1868 2723 2026 2764 edocui.

416 2804 614 2855 Denique
642 2804 859 2846 addendus
890 2808 957 2845 est
986 2805 1101 2846 locus
1131 2803 1308 2845 Asconii
1336 2802 1537 2855 Pediani‚
1567 2802 1640 2854 qui
1669 2802 1713 2843 in
1741 2802 2013 2843 Pisonianam
2044 2801 2135 2856 3³4,
2165 2802 2237 2844 ubi
2267 2803 2514 2846 Ciceronem
2544 2818 2611 2847 ar-

270 2871 367 2925 guit
395 2871 439 2914 in
470 2873 741 2926 chronologia
770 2886 948 2925 errasse,
980 2877 1158 2915 annotat
1186 2873 1318 2915 haect‘

415 2953 501 2997 Sed
530 2953 599 2996 hic
628 2967 711 2997 non
741 2953 908 2997 subtilis
938 2954 1191 3007 computatio
1220 2966 1423 2997 annorum
1452 2951 1571 2995 facta
1599 2957 1677 3005 est,
1708 2965 1854 2995 verum
1881 2952 2118 2994 summatim
2143 2957 2309 3005 tempus
2339 2956 2611 3007 comprehen-

270 3032 364 3062 sum
394 3028 478 3074 est,
516 3025 565 3063 ut
592 3021 767 3074 proinde
797 3022 1022 3064 debeamus
1053 3022 1245 3075 accipere
1274 3020 1363 3063 acsi
1397 3020 1575 3062 dixerit:
1613 3032 1742 3073 prope
1770 3020 1973 3061 XXXX
2002 3019 2138 3061 annis.
2198 3020 2323 3062 Haec
2352 3023 2611 3065 consuet-udo

268 3088 315 3131 in
344 3089 449 3142 ipsis
479 3089 740 3132 orationibus
771 3095 855 3132 est:
887 3090 1031 3142 itaque
1060 3090 1172 3132 idem
1192 3090 1341 3132 Cicero
1369 3089 1413 3131 in
1443 3101 1496 3131 ea
1524 3101 1700 3141 quoque,
1732 3101 1856 3140 quam
1876 3088 2027 3130 habuit
2045 3089 2089 3131 in
2110 3089 2340 3131 Catilinam
2369 3091 2413 3133 in
2443 3096 2610 3143 senatu,

268 3169 364 3201 cum
393 3162 569 3202 octavus
598 3158 784 3202 decimus
814 3158 905 3202 dies
935 3163 1049 3202 esset
1076 3162 1174 3212 post
1202 3158 1357 3201 factum
1389 3161 1564 3212 senatus
1594 3157 1848 3209 consultum,
1880 3162 1928 3200 ut
1956 3157 2153 3201 viderent
2182 3160 2395 3213 0011311103,
2426 3174 2480 3203 110
2509 3162 2612 3213 quid

268 3226 511 3279 respublica
539 3226 781 3270 detrimenti
812 3231 994 3281 caperet,
1025 3227 1134 3269 dixit
1162 3226 1411 3281 vigesimum
1440 3225 1552 3267 diem
1582 3226 1740 3268 habere
1769 3230 1849 3267 etc.

2363 3309 2401 3340 μ
