2812 3710
1381 235 1440 279 15

388 362 549 407 Mirum
577 363 687 418 quod
715 363 906 419 Langius
935 378 1017 408 non
1046 363 1251 420 cogitavit
1279 363 1523 408 Ciceronem
1551 363 1598 406 in
1625 363 1721 407 Cat.
1751 364 1787 409 I.
1821 367 1845 405 9
1888 363 2014 417 plane
2056 361 2198 406 dicere
2240 362 2388 406 eadem
2429 365 2569 417 nocte,

246 443 332 486 qua
373 431 593 475 consilium
634 432 776 475 caedis
818 432 967 475 initum
1010 437 1142 488 esset,
1185 434 1309 487 paulo
1338 437 1438 476 ante
1465 433 1600 476 lucem
1628 432 1733 476 duos
1762 432 1856 475 illos
1885 431 2050 484 equites
2079 443 2126 474 se
2153 431 2367 474 trucidare
2395 435 2574 475 conatos

248 513 355 544 esse.
412 502 447 544 J
447 513 516 544 am
544 513 644 543 vero
674 513 766 543 cum
793 501 1021 545 verisimile
1048 515 1133 545 non
1160 506 1245 556 est,
1288 502 1332 552 id
1368 502 1479 554 quod
1507 514 1635 555 supra
1663 502 1821 554 monui,
1867 501 2115 543 Ciceronem
2156 501 2202 543 in
2243 501 2399 543 talibus
2442 501 2572 544 rebus

246 568 482 622 erravisse,
502 572 591 612 tum
620 581 790 622 prorsus
818 568 1065 614 incredibile
1093 574 1160 614 est
1187 583 1281 615 eum
1308 570 1375 614 bis
1404 570 1660 614 commisisse
1689 569 1866 615 eundem
1897 581 2094 612 errorem.

389 636 552 694 Quibus
580 638 705 681 rebus
734 638 936 692 expositis
965 638 1157 693 equidem
1184 639 1287 683 mihi
1313 639 1560 695 persuadeo,
1589 639 1627 683 si
1655 639 1749 694 quis
1778 642 1908 694 neget
1926 637 2160 682 orationem
2178 637 2356 691 primam
2376 637 2568 681 habitam

247 718 343 749 esse
370 719 410 749 a.
440 706 481 748 (1.
502 706 582 750 VI.
610 707 675 749 Id.
696 707 740 750 N
742 720 821 760 ov.,
852 720 947 749 eum
974 707 1131 760 aliquid
1160 707 1205 751 10
1232 708 1581 762 disceptationem
1608 721 1773 762 vocare,
1803 708 1849 750 in
1878 720 1959 761 quo
1988 706 2096 750 nihil
2125 706 2400 749 dubitationis
2429 706 2570 749 detur.

248 773 409 831 Quodsi
437 787 510 818 eas
539 787 627 829 res,
665 787 840 828 quarum
873 778 1037 829 tempus
1064 788 1148 819 non
1175 775 1331 830 liquido
1360 789 1388 820 a
1415 776 1619 821 Cicerone
1647 780 1838 820 notatum
1867 779 1951 831 est,
1992 775 2048 819 ad
2077 778 2217 818 certos
2245 774 2338 818 dies
2367 785 2570 818 revocare

247 842 482 895 studemus,
526 855 609 884 non
642 843 811 884 aliunde
845 843 1096 885 commodius
1124 844 1332 896 proficisci
1359 845 1461 886 licet
1487 857 1612 896 quam
1641 846 1694 886 ab
1723 846 1802 886 hoc
1831 845 1917 897 (116,
1963 844 2118 896 quippe
2153 843 2227 895 qui
2261 843 2444 884 omnium
2477 854 2570 884 cer-

247 910 411 953 tissime
433 923 487 953 ex
507 910 710 955 Cicerone
739 911 1018 954 demonstrari
1045 912 1191 964 possit.
1248 911 1455 967 Quoniam
1481 913 1614 966 igitur
1642 913 1790 956 Cicero
1819 913 1863 955 in
1895 912 1990 955 Cat.
2019 913 2057 954 I.
2083 915 2111 954 4
2139 916 2307 964 tempus
2336 909 2577 953 summatim

248 978 603 1032 comprehendens
633 979 686 1022 de
714 978 785 1022 illo
815 982 988 1023 senatus
1017 980 1204 1023 consulto
1233 980 1353 1023 dicit:
1387 980 1477 1034 „At
1504 993 1580 1024 nos
1599 980 1843 1024 vicesimum
1866 981 1957 1035 Jam
1985 979 2096 1023 diem
2125 979 2312 1034 patimur
2340 978 2572 1022 hebescere

247 1047 394 1089 aciem.
409 1047 557 1089 horum
594 1047 897 1090 auctoritatis.>
938 1048 1156 1090 Habemus
1199 1048 1309 1091 enim
1351 1050 1475 1103 huJus
1518 1049 1630 1091 modi
1671 1054 1844 1091 senatus
1887 1050 2123 1091 consultum
2166 1050 2275 1090 etc.“
2323 1047 2379 1089 ad
2422 1059 2573 1090 verum

246 1114 436 1169 proxime
479 1115 741 1169 accedemus,
786 1115 823 1158 si
865 1115 1066 1170 postridie
1094 1119 1191 1170 post
1218 1120 1410 1159 senatum
1438 1130 1477 1160 a.
1507 1116 1547 1160 (1.
1577 1117 1688 1160 XII.
1717 1117 1820 1160 Kal.
1851 1117 1961 1160 Nov.
1992 1120 2269 1160 convocatum
2298 1114 2570 1170 conjiciemus

247 1183 416 1225 comitia
460 1183 606 1225 habita
641 1196 752 1236 esse,
797 1196 903 1236 quae
937 1184 1077 1226 nescio
1107 1197 1163 1226 an
1191 1197 1229 1226 a.
1259 1185 1300 1226 d.
1330 1186 1392 1227 X.
1422 1186 1524 1227 Kal.
1554 1186 1666 1227 Nov.
1695 1186 1798 1226 illud
1828 1189 2000 1227 senatus
2029 1186 2247 1227 decretum
2276 1190 2468 1226 secutum
2498 1183 2570 1225 sit.

249 1251 318 1294 Ac
337 1251 566 1295 Plutarcho
595 1255 765 1295 auctore
794 1265 872 1306 ego
900 1251 1199 1296 affirmaverim
1227 1251 1298 1296 illo
1327 1252 1396 1296 die
1420 1252 1665 1297 Ciceronem
1692 1252 1737 1296 in
1766 1256 1916 1296 senatu
1943 1253 2111 1296 litteras
2140 1256 2265 1296 nocte
2294 1251 2376 1295 sibi
2405 1250 2572 1295 multis-

248 1332 330 1372 que
360 1320 455 1362 aliis
484 1320 747 1362 senatoribus
776 1321 928 1363 allatas
957 1321 1179 1374 recitasse,
1223 1320 1268 1363 in
1303 1321 1452 1373 quibus
1482 1322 1682 1375 scriptum
1712 1326 1806 1364 erat
1832 1334 2028 1375 magnam
2058 1321 2230 1363 caedem
2258 1320 2380 1362 brevi
2410 1320 2574 1363 factum

247 1386 314 1429 iri.
358 1388 423 1429 At
442 1388 552 1429 enim
572 1388 758 1430 Asconio
787 1393 956 1430 auctore
986 1388 1088 1441 dies,
1119 1401 1199 1440 quo
1228 1389 1363 1441 prima
1390 1389 1435 1430 in
1464 1389 1691 1431 Catilinam
1720 1389 1854 1431 oratio
1883 1389 2030 1431 habita
2059 1393 2137 1441 est,
2167 1401 2195 1430 a
2223 1388 2447 1430 commissa
2471 1400 2570 1430 con-

248 1454 409 1497 sulibus
438 1455 653 1507 republica
681 1455 1039 1498 duodevicesimus
1068 1455 1169 1498 fuit:
1214 1455 1392 1499 Asconii
1425 1456 1592 1508 quidem
1626 1457 1855 1500 auctoritas
1890 1456 2112 1509 plurimum
2145 1457 2283 1509 valet3
2328 1461 2565 1509 tantumne,

248 1525 298 1565 ut
338 1534 440 1577 prae
483 1534 535 1566 ea
568 1522 783 1566 Ciceronis
825 1522 958 1577 ipsius
1000 1523 1229 1566 auctoritas
1271 1524 1396 1577 plane
1439 1524 1678 1578 spernenda
1711 1523 1797 1568 sit?
1815 1526 1845 1580 ¹)
1904 1524 2103 1568 Ceterum
2131 1523 2272 1567 nescio
2301 1536 2357 1567 an
2386 1523 2570 1568 Asconii

248 1591 532 1633 testimonium
564 1592 787 1633 conveniat
815 1592 1067 1633 calculorum
1095 1594 1332 1633 nostrorum
1360 1593 1526 1634 rationi.

390 1658 551 1702 Notum
580 1662 646 1702 est
664 1659 875 1703 Romanos
904 1658 949 1702 in
977 1658 1251 1713 computando
1279 1658 1503 1703 intervallo
1532 1659 1671 1714 aliquo
1700 1659 1860 1704 dierum
1886 1673 1968 1704 non
1987 1660 2119 1703 solum
2141 1659 2388 1714 „terminum
2409 1673 2435 1704 a
2455 1661 2566 1714 quo“

249 1728 325 1770 sed
355 1728 483 1769 etiam
515 1728 762 1779 „terminum
791 1728 846 1770 ad
874 1731 1021 1780 quem“
1052 1740 1223 1770 numero
1252 1729 1478 1771 addidisse.
1535 1730 1570 1772 J
1570 1742 1638 1771 am
1666 1742 1767 1771 vero
1795 1730 1905 1771 hand
1943 1729 2215 1781 improbabile
2244 1729 2413 1770 videtur
2455 1730 2571 1771 hanc

248 1795 386 1849 legem
415 1796 541 1838 etiam
571 1797 838 1838 observatam
867 1809 960 1839 esse
988 1796 1033 1838 in
1061 1796 1330 1839 subducenda
1358 1809 1520 1839 summa
1547 1796 1689 1849 aliqua
1713 1796 1888 1849 dierum,
1919 1809 2092 1848 quorum
2111 1809 2236 1838 unam
2257 1796 2408 1838 seriem
2428 1797 2571 1839 altera

248 1862 447 1916 deinceps
476 1863 660 1916 excepit,
695 1863 758 1906 ita
786 1867 834 1906 ut
861 1863 972 1906 idem
1000 1863 1109 1917 dies,
1147 1863 1192 1906 in
1220 1877 1301 1917 quo
1329 1864 1445 1918 prior
1473 1864 1726 1917 computatio
1754 1864 2072 1917 terminabatur,
2103 1864 2228 1906 simul
2255 1864 2414 1917 primus
2442 1864 2570 1907 fieret

248 1930 424 1974 alterius
454 1931 787 1985 computationis,
817 1943 924 1984 quae
955 1931 1083 1986 priori
1111 1931 1304 1975 addenda
1333 1935 1437 1975 erat.

390 2000 550 2054 Quodsi
579 2002 687 2043 hanc
716 2002 997 2054 conjecturam
1026 2001 1249 2054 sequimur,
1293 2000 1489 2053 quoniam
1525 2000 1569 2042 id
1602 2000 1756 2053 agitur,
1800 2005 1848 2043 111
1881 2001 2150 2043 intervallum
2178 2000 2378 2053 temporis
2407 2000 2566 2043 consti-

248 2070 406 2121 tuatur,
437 2067 547 2120 quod
575 2067 864 2110 intercesserit
891 2068 1003 2110 inter
1031 2081 1069 2110 a.
1099 2068 1140 2110 d.
1169 2069 1230 2110 X.
1261 2068 1363 2110 Kal.
1393 2068 1438 2110 N
1439 2080 1504 2110 ov.
1535 2071 1579 2109 et
1606 2079 1645 2108 a.
1675 2067 1715 2109 d.
1746 2067 1824 2111 VI.
1854 2067 1919 2109 Id.
1950 2068 1993 2109 N
1995 2080 2079 2120 ov.,
2116 2067 2262 2109 decem
2295 2067 2386 2109 dies
2421 2079 2566 2110 mune-

235 2135 373 2177 randi
401 2140 516 2188 sunt,
556 2135 627 2188 qui
661 2136 874 2188 pertinent
902 2136 956 2178 ad
985 2148 1168 2178 mensem
1197 2136 1440 2189 Octobrem,
1478 2136 1533 2177 ad
1562 2149 1664 2188 quos
1693 2136 1898 2178 accedunt
1926 2140 2020 2177 octo
2048 2135 2158 2189 dies,
2197 2136 2269 2188 qui
2297 2135 2354 2177 ad
2383 2136 2568 2178 Novem-

247 2203 367 2248 brem
395 2203 621 2258 pertinent.
680 2204 751 2249 Sic
781 2203 1021 2248 efficiuntur
1049 2204 1119 2248 die
1146 2203 1435 2248 Kalendarum
1465 2204 1531 2247 bis
1567 2208 1784 2248 numerato
1819 2203 2109 2259 duodeviginti
2145 2204 2293 2261 dies.²)
2351 2206 2571 2249 Incertum

248 2272 329 2315 hoc
356 2283 451 2315 esse
479 2271 630 2315 fateor.

304 2379 306 2381 ,
390 2337 461 2384 Ita
488 2342 673 2384 definitis
702 2343 958 2394 temporibus
987 2342 1187 2384 addemus
1214 2354 1350 2394 pauca
1377 2342 1582 2393 quaedam
1600 2342 1656 2384 ad
1674 2341 1860 2383 ordinem
1889 2341 2143 2384 narrationis
2163 2342 2449 2385 Sallustianae
2468 2355 2566 2395 per-

249 2408 444 2453 tinentia.
503 2409 641 2463 Supra
668 2409 814 2453 notavi
844 2409 1045 2454 Sallustio
1073 2408 1177 2453 duos
1205 2408 1406 2464 imprimis
1435 2421 1598 2453 errores
1627 2409 1769 2465 objici,
1808 2421 1935 2453 unum
1968 2409 2078 2464 quod
2113 2408 2283 2453 comitia
2311 2410 2444 2465 primo
2474 2411 2567 2456 loco

251 2481 465 2530 memoret,
497 2490 589 2519 cum
620 2478 737 2520 facta
766 2479 852 2520 sint
879 2486 975 2531 post
1004 2482 1177 2520 senatus
1205 2479 1435 2530 decretum,
1465 2492 1545 2530 quo
1575 2479 1722 2520 Cicero
1751 2479 1932 2520 dictator
1959 2479 2097 2519 dictus
2126 2482 2204 2530 est,
2235 2479 2428 2531 alterum,
2459 2480 2574 2531 qnod

250 2558 390 2589 rerum
418 2549 636 2600 gestarum
664 2545 816 2588 seriem
844 2546 1080 2599 importune
1108 2545 1461 2600 interpellaverit,
1505 2559 1598 2589 cum
1634 2546 1944 2601 conjuratorum
1980 2549 2229 2589 conventum
2257 2545 2370 2589 domi
2398 2547 2572 2590 Laecae

251 2616 297 2657 et
337 2617 531 2657 senatum
574 2613 734 2656 duobus
769 2613 916 2657 diebus
946 2618 1042 2668 post
1069 2614 1258 2657 habitum
1286 2617 1373 2658 tam
1401 2615 1488 2657 late
1516 2614 1623 2657 alias
1652 2626 1721 2656 res
1750 2614 1959 2656 narrando
1987 2613 2262 2669 diSJuugeret.
2318 2614 2473 2668 Itaque
2501 2626 2572 2670 ea,

251 2695 360 2735 quae
387 2687 616 2724 narrantur
644 2682 741 2724 inde
770 2695 797 2724 a
825 2683 964 2735 capite
996 2687 1062 2724 27.
1094 2687 1118 2724 3
1149 2695 1282 2735 usque
1310 2684 1366 2725 ad
1402 2688 1530 2736 caput
1558 2688 1625 2725 28.
1656 2688 1700 2735 3,
1744 2696 1826 2724 non
1864 2695 1930 2734 eo,
1975 2695 2055 2734 quo
2098 2683 2432 2735 exspectaveris,
2477 2684 2571 2726 loco

250 2763 345 2805 cap.
376 2755 443 2795 31.
474 2754 502 2794 4
530 2750 765 2794 memorari.
824 2749 1006 2794 Comitia
1034 2750 1271 2794 consularia
1299 2754 1344 2794 et
1371 2753 1544 2794 senatus
1572 2750 1676 2794 illud
1717 2750 1930 2794 decretum
1971 2762 2122 2794 revera
2163 2762 2213 2794 eo
2256 2749 2403 2794 ordine
2445 2755 2576 2806 gesta

251 2832 361 2875 esse,
391 2832 472 2873 quo
502 2819 682 2873 scriptor
710 2823 868 2874 narrat,
899 2831 952 2862 ex
980 2818 1047 2873 iis,
1078 2830 1186 2872 quae
1213 2819 1441 2873 disputavi,
1471 2832 1675 2874 apparere
1703 2819 1897 2861 arbitror.
1942 2817 2063 2874 Quod
2092 2818 2147 2861 ad
2174 2819 2354 2862 alterum
2383 2831 2577 2864 errorem

392 2958 420 3002 ¹)
444 2955 516 2992 vid.
542 2967 630 3001 quae
655 2956 698 2992 (16
721 2955 787 2991 hac
810 2965 847 2991 re
872 2954 964 2991 haud
987 2953 1112 2990 inscite
1135 2953 1331 3000 disputavit
1355 2954 1500 3000 Ogorek
1525 2955 1548 2991 l.
1573 2955 1597 2991 1.
1621 2966 1654 3000 p.
1680 2957 1720 2990 ll
1747 2965 1818 2998 seq.

388 3015 420 3059 ¹)
443 3014 591 3049 Frustra
605 3023 715 3058 nuper
727 3013 837 3048 Kiihn
852 3024 886 3058 p.
904 3015 927 3048 5
943 3013 1181 3048 demonstrare
1204 3016 1350 3047 conatus
1373 3017 1427 3047 est
1443 3013 1634 3048 Asconium
1656 3013 1693 3047 in
1715 3013 1882 3056 temporis
1905 3013 2197 3056 descriptionibus
2219 3024 2289 3048 non
2304 3014 2419 3049 solere
2434 3019 2571 3050 utrun-

251 3082 319 3115 que
342 3081 573 3107 annumerare
595 3070 780 3106 terminum
802 3072 855 3116 (61
878 3081 900 3106 a
924 3080 991 3114 qno
1015 3073 1052 3105 et
1075 3069 1122 3105 ad
1144 3070 1272 3113 quem),
1295 3069 1358 3105 sed
1381 3074 1421 3105 ut
1442 3070 1536 3114 apud
1559 3080 1623 3105 008
1648 3069 1724 3104 flen·
1747 3070 1837 3105 solet
1862 3073 1998 3105 tautum
2020 3080 2137 3105 unum.
2177 3068 2273 3115 Quid
2295 3070 2362 3106 hac
2386 3070 2423 3106 in
2445 3081 2485 3107 re
2507 3082 2576 3108 noe

250 3127 384 3164 attinet
408 3126 513 3172 86116,
543 3137 729 3171 quamnam
751 3127 924 3163 rationem
947 3126 1121 3162 Asconius
1144 3125 1241 3170 sequi
1264 3126 1391 3162 solitus
1412 3125 1488 3162 sit?
1534 3126 1708 3162 Nimirum
1729 3126 1867 3162 nonnisi
1890 3127 2125 3171 quaerendum
2155 3132 2227 3172 681,
2262 3137 2369 3172 quam
2399 3128 2580 3165 mone-

253 3188 525 3221 consentaneum
547 3184 595 3220 sit
618 3184 822 3220 Ciceronem
845 3188 1000 3220 secutum
1023 3194 1111 3220 esee.
1150 3183 1243 3220 Nam
1258 3183 1443 3228 Asconius,
1467 3184 1497 3219 si
1521 3184 1660 3228 quidem
1676 3183 1879 3219 Ciceronem
1900 3183 2150 3229 indiligentiae
2172 3195 2325 3230 arguere
2347 3185 2479 3231 studet,
2502 3196 2577 3222 no·
2599 3215 2603 3220 .

255 3246 375 3286 potest
397 3253 468 3278 000
489 3242 545 3278 1111
568 3243 691 3278 eadem
713 3253 755 3278 ac
779 3242 902 3278 Cicero
925 3241 1149 3286 computandi
1171 3241 1320 3277 ratione.
