2812 3710
1336 293 1339 295 ,
1373 227 1431 296 „8

245 357 438 402 diversos
467 358 559 401 dies
588 358 802 401 incidisse.
860 359 1074 402 Linkerus
1103 359 1195 412 ipse
1225 359 1448 401 confitetur
1462 358 1495 413 ¹)
1531 371 1613 400 non
1652 357 1890 399 necessario
1927 358 2064 411 sequi,
2110 362 2157 399 ut
2199 361 2379 411 utraque
2425 370 2494 399 res
2536 357 2583 400 in

246 426 426 469 eundem
457 425 569 469 diem
598 426 816 480 inciderit3
862 427 987 470 immo
1016 440 1117 470 vero
1146 426 1385 469 necessario
1414 425 1623 479 sequitur,
1653 429 1701 468 ut
1729 424 1949 467 consilium
1978 425 2194 469 Ciceronis
2222 415 2292 467 die
2321 425 2582 468 comitiorum

243 493 528 537 interficiendi
566 498 611 538 et
646 495 798 539 caedes
835 495 1098 549 optimatium
1133 495 1177 538 in
1214 507 1252 537 a.
1283 494 1323 537 d.
1353 494 1407 537 V.
1437 494 1540 537 Kal.
1572 494 1682 537 Nov.
1714 494 1867 536 collata
1901 506 2073 547 prorsus
2102 493 2295 536 diversae
2325 492 2484 536 fuerint
2511 505 2582 536 res

244 562 289 604 in
319 561 513 605 diversos
543 563 800 606 constitutae
829 563 933 606 dies.

388 631 475 674 Sed
503 636 553 673 ut
581 631 739 685 omnia,
771 645 879 685 quae
908 632 1045 674 adhuc
1073 632 1125 673 de
1156 630 1372 673 Ciceronis
1401 630 1504 672 locis
1533 630 1750 682 disputata
1779 635 1895 682 sunt,
1926 630 2114 672 breviter
2142 631 2481 682 complectamur:
2516 629 2580 672 vi·

244 697 384 742 dimus
413 711 498 742 non
528 712 566 742 a.
598 699 638 742 d.
669 699 779 742 XII.
810 699 912 742 Kal.
934 699 1045 742 Nov.
1076 698 1321 742 Ciceronem
1351 696 1600 740 dictatorem
1630 697 1787 740 dictum
1817 710 1931 750 esse3
1962 697 2064 741 item
2093 697 2275 741 vidimus
2303 697 2455 741 falsam
2484 710 2580 741 esse

242 767 432 811 virorum
470 768 686 811 doctorum
724 767 977 822 sententiam
1013 766 1288 810 statuentium
1321 766 1492 810 comitia
1521 765 1758 810 consularia
1786 765 1952 809 demum
1982 766 2130 810 habita
2159 780 2252 810 esse
2281 770 2377 820 post
2406 769 2580 809 senatus

243 836 352 879 illud
381 836 610 879 decretum.
668 838 792 879 Intra
820 837 895 878 hos
924 836 1028 878 fines
1058 836 1164 878 haec
1193 835 1559 878 commentationis
1588 847 1688 889 pars
1718 834 1948 878 subsistere
1977 838 2129 889 potest.
2189 835 2301 879 Nam
2338 847 2429 879 cum
2467 833 2580 888 apud

245 904 493 947 Ciceronem
531 905 637 947 nihil
672 904 926 957 reperiatur,
965 904 1075 957 quod
1112 904 1249 945 ordini
1284 904 1558 957 narrationis,
1599 916 1721 957 quem
1758 909 1991 957 sequuntur
2024 904 2269 958 Sallustius,
2310 904 2577 956 Plutarchus,

244 972 351 1027 Dio,
390 977 618 1028 repugnet,
648 972 753 1016 nihil
787 985 957 1026 prorsus
988 975 1070 1026 est,
1102 971 1212 1026 quod
1241 972 1294 1015 ab
1324 972 1470 1015 horum
1502 972 1752 1026 scriptorum
1783 971 2036 1016 auctoritate
2065 986 2148 1016 non
2177 972 2453 1016 recedendum
2484 986 2579 1019 esse

244 1041 596 1083 demonstremus.
655 1042 806 1095 Itaque
836 1052 914 1095 ego
951 1053 1033 1082 non
1070 1040 1233 1094 dubit0,
1271 1040 1371 1095 quin
1400 1041 1651 1095 Plutarcho,
1691 1052 1865 1095 quocum
1896 1040 1980 1084 Dio
2010 1040 2054 1084 in
2083 1041 2325 1085 universum
2355 1042 2577 1098 consentit,

244 1111 376 1152 etiam
407 1111 451 1152 in
481 1110 727 1152 enarrandis
756 1110 808 1151 iis
839 1111 977 1161 rebus,
1008 1122 1116 1161 quae
1145 1110 1335 1160 proxime
1355 1114 1450 1160 post
1471 1109 1642 1150 comitia
1661 1110 1899 1150 consularia
1917 1114 2066 1161 gestae
2087 1114 2198 1160 sunt,
2229 1110 2333 1151 fides
2353 1111 2578 1152 tribuenda

243 1177 315 1223 sit.
373 1177 628 1223 Plutarchus
656 1181 876 1233 postquam
907 1176 959 1221 de
989 1175 1169 1221 comitiis
1200 1180 1242 1221 et
1272 1175 1324 1221 de
1355 1174 1567 1221 Catilinae
1596 1174 1730 1221 irritis
1760 1174 1947 1221 consiliis
1976 1174 2105 1231 dixit,
2135 1175 2198 1221 ita
2233 1175 2323 1221 fere
2358 1191 2447 1221 rem
2483 1193 2576 1232 per-

243 1247 454 1301 sequitur:
504 1245 660 1298 „Brevi
695 1249 914 1311 postquam
952 1245 1122 1287 comitia
1158 1245 1306 1287 habita
1342 1248 1440 1288 sunt
1476 1245 1583 1288 satis
1618 1244 1784 1300 magnis
1819 1244 2129 1301 conjuratorum
2168 1244 2297 1299 copiis
2327 1244 2371 1289 in
2400 1244 2579 1290 Etruria

243 1315 497 1365 comparatis
528 1318 572 1353 et
600 1314 643 1352 in
673 1314 840 1352 ordines
870 1313 1109 1352 distributis
1148 1318 1269 1352 nocte
1306 1314 1360 1352 ad
1392 1314 1636 1353 Ciceronem
1675 1315 1908 1365 complures
1945 1315 2106 1354 nobiles
2135 1315 2217 1355 viri
2254 1326 2346 1354 cum
2385 1314 2577 1367 epistolis

242 1387 469 1436 venerunt,
517 1395 620 1437 quas
656 1381 736 1425 sibi
776 1381 1001 1436 multisque
1040 1381 1137 1425 aliis
1173 1381 1439 1425 senatoribus
1477 1382 1676 1426 dixerunt
1712 1382 1857 1426 eadem
1889 1387 2011 1426 nocte
2042 1383 2192 1426 missas
2222 1396 2327 1426 esse.
2387 1382 2575 1437 Quarum

243 1462 329 1493 una
358 1450 527 1505 cognita
555 1461 647 1493 cum
678 1450 895 1493 inventum
927 1454 1041 1493 esset
1071 1462 1266 1505 magnam
1297 1449 1467 1493 caedem
1500 1449 1620 1494 brevi
1648 1449 1806 1494 factum
1832 1449 1898 1505 iri,
1930 1443 2242 1506 propterquam
2264 1464 2352 1495 rem
2373 1451 2575 1506 optimum

242 1521 359 1562 factu
390 1525 503 1561 esset
533 1533 655 1572 qnam
687 1519 865 1571 primum
897 1532 949 1561 ex
980 1520 1083 1560 urbe
1115 1519 1278 1572 egredi,
1316 1523 1489 1561 senatus
1527 1520 1730 1572 postridie
1764 1533 1790 1562 a
1820 1520 2022 1562 Cicerone
2061 1524 2313 1562 convocatus
2344 1524 2422 1562 est.
2482 1520 2576 1576 Quo

241 1588 286 1631 in
315 1592 466 1630 senatu
497 1588 649 1630 ceteris
680 1587 882 1640 epistolis,
914 1587 956 1630 in
988 1588 1138 1641 quibus
1168 1588 1292 1640 plane
1323 1587 1468 1629 eadem
1501 1593 1624 1630 erant
1653 1588 1823 1641 scripta,
1855 1588 2058 1640 rec-itatis
2090 1587 2249 1630 nuntiis
2279 1592 2503 1641 praeterea
2522 1588 2575 1631 de

242 1656 467 1700 Manliana
497 1656 703 1698 seditione
734 1656 890 1698 auditis
921 1655 1069 1698 Cicero
1099 1656 1283 1698 dictator
1318 1656 1457 1698 factus
1496 1659 1600 1698 est..“
1662 1656 1784 1711 Quod
1820 1656 2091 1709 epistolarum
2127 1662 2439 1709 argumentum,
2476 1670 2574 1710 quo-

240 1724 354 1766 niam
386 1737 478 1766 cum
509 1724 574 1776 iis,
607 1737 713 1778 quae
744 1724 891 1766 Cicero
921 1724 973 1766 de
1004 1724 1132 1766 caede
1163 1724 1427 1777 optimatium
1459 1724 1503 1766 in
1533 1737 1571 1766 a.
1602 1724 1641 1767 d.
1670 1725 1724 1768 V.
1755 1725 1857 1767 Kal.
1889 1725 1998 1766 Nov.
2031 1725 2184 1767 collata
2212 1729 2371 1777 narrat,
2402 1738 2575 1778 prorsus

240 1792 454 1844 convenit,
494 1792 598 1833 nihil
629 1796 694 1833 est
723 1792 993 1833 verisimilius
1025 1804 1148 1845 quam
1180 1792 1246 1834 his
1277 1792 1467 1845 epistolis
1498 1796 1541 1834 et
1571 1792 1787 1834 Ciceronis
1816 1791 1959 1835 verbis
1989 1792 2163 1834 eandem
2195 1805 2282 1834 rem
2314 1793 2574 1847 eundemque

240 1860 349 1903 diem
382 1860 668 1913 intellegenda
698 1874 803 1902 esse.
863 1861 947 1903 Sed
977 1875 1014 1903 a.
1047 1861 1086 1903 d.
1119 1862 1229 1903 XII.
1262 1861 1363 1903 Kal.
1398 1862 1527 1914 Nov„
1567 1875 1647 1914 quo
1684 1861 1752 1903 die
1782 1862 1929 1903 Cicero
1959 1861 2011 1903 de
2041 1862 2121 1903 hac
2150 1875 2195 1903 re
2225 1862 2402 1914 primum
2434 1862 2477 1903 in
2507 1875 2571 1903 se-

239 1934 344 1971 natu
380 1915 543 1980 refulit,
590 1934 807 1970 senatores
846 1929 997 1970 indicio
1034 1942 1115 1971 non
1152 1942 1347 1983 magnam
1386 1929 1508 1971 fidem
1547 1930 1804 1981 habuerunt3
1850 1929 1968 1983 cujlls
2003 1928 2066 1971 rei
2102 1942 2272 1972 causam
2303 1928 2450 1972 Cicero
2481 1929 2571 1982 ipse

239 2010 317 2050 pro
346 1998 530 2039 Murena
560 1996 584 2050 ξ
615 2002 666 2038 51
699 1997 869 2038 indicat.
929 1998 1033 2039 Cum
1065 2002 1205 2039 autem
1236 1997 1434 2039 indicium
1466 1997 1550 2038 illis
1582 1997 1771 2050 epistolis
1801 1997 2089 2038 confirmatum
2126 2002 2239 2038 esset
2276 2001 2319 2038 et
2347 2004 2571 2050 praeterea

240 2065 346 2110 certi
376 2064 513 2108 nuntii
542 2065 594 2108 de
628 2064 858 2108 Manlianis
889 2065 1120 2109 actionibus
1152 2073 1292 2109 essent
1324 2066 1461 2119 allati,
1503 2072 1720 2109 senatores
1749 2067 1854 2108 adeo
1884 2066 2024 2108 territi
2054 2071 2169 2118 sunt,
2207 2072 2255 2108 ut
2295 2067 2572 2109 decernerent

239 2134 582 2177 committendam
615 2148 707 2175 esse
738 2148 824 2175 rem
858 2135 1062 2187 publicam
1095 2136 1344 2177 consulibus.

382 2203 550 2254 Restat,
583 2206 631 2244 ut
661 2208 900 2256 quaeratur,
933 2215 1005 2244 cur
1036 2203 1182 2245 Cicero
1213 2204 1255 2246 in
1286 2203 1379 2246 Cat.
1410 2204 1446 2247 Ι.
1482 2207 1518 2257 7,
1551 2209 1588 2253 8,
1622 2207 1659 2256 9,
1690 2202 1761 2245 ubi
1791 2201 2053 2256 recognoscit
2083 2201 2257 2245 consilia
2286 2201 2497 2246 Catilinae
2527 2206 2572 2246 et

238 2284 310 2324 ea,
357 2284 464 2323 qnae
494 2271 586 2322 ipse
617 2270 765 2311 fecerit
796 2271 850 2311 ad
882 2271 1147 2323 reprimenda
1176 2273 1280 2312 haec
1310 2273 1500 2324 consilia,
1546 2276 1718 2313 senatus
1749 2271 1927 2313 consulti
1957 2273 2082 2325 hujus
2114 2271 2364 2313 mentionem
2396 2285 2478 2314 non
2507 2272 2570 2314 iu-

229 2339 397 2392 jecerit.
458 2339 527 2380 Ac
557 2338 735 2390 primum
769 2338 932 2390 quidem
966 2338 1069 2379 nihil
1101 2351 1203 2390 opus
1235 2347 1324 2380 erat
1360 2339 1495 2391 ipsum
1535 2340 1767 2380 consultum
1804 2351 2148 2391 commemorare3
2194 2351 2280 2380 rem
2317 2339 2445 2393 enim,
2486 2352 2570 2393 qua

233 2406 500 2459 potissimum
532 2408 725 2448 effectum
758 2412 821 2447 est
853 2408 1102 2448 consultum.
1134 2407 1295 2448 scilieet
1324 2408 1492 2448 caedem
1524 2407 1785 2458 optimatium
1817 2420 1841 2448 a
1863 2408 2047 2448 Catilina
2073 2408 2115 2448 in
2136 2420 2174 2448 a.
2196 2407 2235 2448 d.
2258 2408 2311 2449 V.
2334 2409 2434 2449 Kal.
2457 2409 2568 2450 Nov.

234 2475 445 2518 collatam.
478 2473 628 2516 Cicero
653 2473 743 2528 jam
776 2480 1195 2517 commemoraverat.
1228 2488 1475 2528 quamquam
1510 2480 1725 2517 senatores
1757 2488 1837 2517 non
1868 2475 2148 2517 affirmatione
2179 2475 2310 2528 ipsius
2340 2476 2414 2517 sed
2444 2477 2569 2529 paulo

233 2549 328 2596 post
360 2542 570 2595 epistolis,
604 2555 708 2595 quas
740 2542 987 2594 memoravi,
1025 2542 1196 2583 adducti
1228 2548 1367 2584 erunt.
1405 2547 1450 2583 ut
1480 2542 1724 2583 dictatorem
1756 2542 1976 2584 dicendum
2007 2554 2100 2585 esse
2131 2547 2341 2596 putarent.
2401 2543 2569 2587 Deinde

232 2625 404 2664 prorsus
433 2611 651 2653 Ciceronis
683 2618 774 2652 erat
807 2624 926 2652 suum
959 2611 1091 2662 ipsius
1122 2611 1319 2652 indicium
1352 2612 1553 2662 proferre,
1586 2616 1725 2651 tacere
1756 2611 1807 2651 de
1838 2611 2012 2651 aliorum
2045 2611 2215 2661 indicio3
2248 2612 2308 2652 sic
2338 2612 2447 2652 enim
2478 2613 2569 2665 ipse

231 2680 326 2732 plus
356 2679 495 2721 animo
526 2678 750 2731 providere
781 2685 822 2720 et
854 2678 1117 2731 praesentire
1148 2679 1389 2720 videbatur.
1430 2692 1521 2720 cum
1558 2678 1711 2720 ceteris
1748 2679 1799 2720 ad
1837 2679 1880 2719 id
1917 2684 2081 2731 tempus
2117 2680 2221 2721 nihil
2258 2680 2569 2731 suspicantibus

230 2751 361 2789 totam
393 2759 481 2788 rem
508 2747 597 2800 J'am
632 2746 931 2801 perspexisset.
992 2745 1190 2796 Accedit,
1223 2746 1332 2800 quod
1364 2745 1603 2789 memoriam
1635 2745 1699 2788 sui
1730 2746 1873 2788 indicii
1904 2746 1974 2789 illo
2005 2747 2092 2789 loco
2124 2746 2271 2789 Cicero
2301 2747 2457 2801 repetit
2484 2761 2569 2792 non

229 2815 321 2857 sine
343 2815 484 2867 aliqua
510 2815 642 2857 tacita
663 2815 974 2867 vituperatione
1005 2820 1259 2866 senatorum,
1292 2816 1362 2868 qui
1393 2815 1483 2867 ipso
1513 2827 1600 2856 rem
1633 2820 1794 2856 tantam
1827 2821 1994 2867 tamque
2026 2821 2207 2857 atrocem
2239 2815 2449 2858 referente
2479 2820 2567 2859 tam

230 2884 377 2924 molles
407 2884 448 2924 in
481 2883 745 2924 decernendo
776 2883 946 2924 fuerint.
998 2884 1152 2924 Restat
1183 2884 1267 2924 alia
1299 2897 1438 2925 causa.
1491 2884 1551 2925 Ut
1583 2883 1725 2924 multis
1755 2883 1989 2924 nominibus
2020 2884 2168 2925 Cicero
2198 2884 2250 2924 de
2281 2886 2568 2937 conjuratione

230 2962 323 2993 cum
354 2950 591 3004 detegenda
620 2956 708 2994 tum
739 2950 1051 3005 exstinguenda
1081 2951 1237 3005 optime
1270 2951 1444 2995 meritus
1475 2959 1559 3005 est,
1605 2951 1666 2994 ita
1703 2957 1919 2995 strenuum
1959 2959 2100 2994 tamen
2130 2952 2378 2995 dictatorem
2408 2967 2454 2996 se
2483 2967 2568 2996 non

230 3020 459 3072 praestitit.
519 3020 662 3062 Licuit
697 3020 735 3062 ei
773 3020 1011 3062 interficere
1043 3020 1287 3063 Catilinam.
1354 3021 1446 3077 Quo
1491 3021 1601 3063 enim
1647 3020 1715 3062 die
1760 3020 1936 3074 primam
1979 3019 2023 3063 in
2060 3021 2286 3064 Catilinam
2332 3022 2566 3066 orationem

230 3089 396 3128 habuit.
436 3089 525 3139 jam
570 3089 724 3129 dudum
770 3090 943 3129 tenebat
979 3101 1184 3130 summum
1222 3090 1456 3141 imperium.
1516 3091 1580 3130 At
1616 3089 1766 3131 caedes
1803 3089 1971 3141 impune
2009 3090 2188 3142 parabat
2216 3095 2343 3144 atque
2373 3090 2569 3133 incendia

374 3235 401 3279 ²)
426 3235 704 3270 Emendationen
729 3247 771 3270 zu
798 3234 931 3271 Sallust
958 3237 994 3271 S.
1020 3238 1052 3272 5.
1078 3237 1124 3272 A.
1146 3240 1174 3272 l.
