2812 3710
1376 235 1404 281 2

218 370 444 414 memoriae
472 370 742 413 mandavisse
770 369 983 423 putandus
1012 371 1092 433 est.
1150 368 1305 421 Itaque
1333 368 1405 411 vel
1432 367 1677 422 longissimo
1705 368 1908 422 temporis
1937 369 2076 423 spatio
2105 372 2201 422 post
2230 371 2426 412 exactum
2455 380 2556 411 con-

218 439 403 483 sulatum
431 438 673 482 intermisso
701 438 795 481 fieri
823 451 907 481 non
935 438 1123 491 potuisse
1151 436 1342 491 videtur,
1385 440 1435 479 ut
1476 449 1660 490 unquam
1703 436 1749 480 in'
1785 436 1926 480 ammo
1964 438 2057 492 ejus
2093 438 2387 481 innasceretur
2414 448 2559 480 earnm

217 519 360 550 rerum
390 506 557 549 oblivio.
611 506 806 560 Accedit,
837 505 948 559 quod
977 505 1126 548 Cicero
1155 505 1307 548 harum
1334 517 1476 548 rerum
1504 504 1748 548 memoriam
1776 504 2076 560 redintegrare
2106 510 2151 550 et
2178 506 2419 549 instaurare
2447 517 2558 548 sem-

217 587 297 629 per
324 578 493 629 poterat
521 588 574 618 ex
604 575 761 618 tabulis
789 574 894 628 illis,
932 587 1038 627 quas
1066 574 1120 617 iis
1149 573 1255 628 ipsis
1283 573 1449 627 diebus,
1480 573 1631 627 quibus
1661 573 1897 628 conjuratio
1926 574 2149 628 patefacta
2177 578 2264 628 est,
2295 572 2561 627 perscriben-
2599 578 2602 581 ’

218 643 297 685 das
325 647 563 685 curaverat.
575 643 607 698 ¹)
664 644 825 686 Verum
854 646 998 684 tamen
1027 654 1136 695 quae
1163 642 1286 684 modo
1315 642 1550 696 disputavi,
1589 654 1672 684 non
1701 641 1765 684 ita
1794 641 1911 684 dicta
1940 642 2178 685 existimari
2206 642 2314 696 volo,
2353 640 2477 695 quasi
2505 652 2562 684 ex

218 711 479 754 orationibus
509 710 728 753 Ciceronis
757 723 903 753 veram
932 723 1074 753 rerum
1102 711 1299 753 notitiam
1328 710 1489 763 percipi
1517 723 1642 763 posse
1670 714 1827 763 putem.
1888 710 2003 752 Nam
2031 711 2240 763 profecto,
2278 722 2372 752 cum
2406 722 2460 752 ne
2494 715 2561 751 ta·

217 779 343 822 bulae
373 778 541 832 quidem
569 778 682 832 illae,
713 791 819 832 quas
848 779 969 822 modo
999 778 1243 832 memoravi,
1272 779 1367 832 ipsa
1395 778 1613 821 Ciceronis
1643 781 1786 821 aetate
1816 777 2080 831 publicarum
2108 779 2349 822 tabularum
2379 777 2562 821 auctori-

217 850 351 889 tatem
381 846 659 900 obtinuerint,
690 846 845 901 quippe
874 859 979 900 quas
1010 846 1247 901 corrupisse
1277 846 1427 889 Cicero
1456 846 1548 900 ipse
1577 849 1831 901 argueretur
1842 845 1901 902 ²),
1942 845 2128 890 dubitari
2157 859 2241 890 non
2269 849 2427 901 potest,
2457 845 2561 899 quin

217 915 262 958 in
291 916 383 969 ejus
413 916 674 958 orationibus
694 917 764 959 vel
792 916 987 970 privatae
1016 916 1202 959 invidiae
1230 915 1438 958 levandae
1464 916 1532 958 vel
1561 914 1829 958 crudelitatis
1860 914 1946 958 odii
1977 915 2217 969 depellendi
2246 928 2375 960 causa
2402 916 2560 958 multae

217 996 288 1026 res
317 986 393 1025 aut
422 983 592 1026 silentio
628 984 715 1026 sint
752 985 961 1027 transitae
1000 990 1075 1026 aut
1112 985 1238 1026 aliter
1274 988 1402 1035 atque
1441 987 1675 1025 evenerunt
1711 987 1925 1025 narratae.
1986 984 2053 1026 Ob
2084 997 2259 1037 eamque
2289 996 2459 1026 causam
2487 983 2562 1036 qui

217 1050 374 1094 nudam
410 1051 639 1095 veritatem
676 1052 883 1095 factorum
922 1057 1148 1105 quaerunt,
1193 1052 1237 1094 hi
1267 1051 1482 1095 Ciceronis
1521 1051 1781 1094 orationibus
1821 1064 1904 1094 non
1938 1052 2030 1094 sine
2059 1052 2254 1095 cautione
2285 1052 2466 1104 quadam
2495 1051 2561 1093 uti

217 1123 409 1173 possunt.
460 1120 524 1162 At
553 1120 627 1163 illa
656 1120 841 1174 suspicio
870 1133 1008 1163 rerum
1040 1120 1227 1163 consulto
1256 1119 1572 1162 immutatarum
1601 1120 1671 1163 vel
1700 1119 2021 1163 obscuratarum
2051 1119 2204 1164 cadere
2233 1133 2316 1164 non
2345 1123 2485 1174 potest
2513 1119 2561 1162 in

218 1201 291 1230 eos
322 1189 449 1241 locos,
481 1189 553 1230 ubi
582 1202 699 1231 mera
728 1193 961 1242 temporum
990 1189 1145 1230 indicia
1173 1188 1460 1230 inveniuntur.
1506 1188 1738 1241 Tantisper
1768 1192 1882 1230 certe
1913 1189 2118 1242 eiusmodi
2147 1189 2304 1231 indicia
2323 1189 2368 1231 in
2387 1188 2561 1231 dubium

217 1256 363 1300 vocari
392 1270 476 1299 non
504 1261 724 1310 poterunt,
756 1257 887 1300 donec
917 1257 1022 1299 satis
1052 1256 1217 1309 magnis
1246 1256 1507 1309 argumentis
1537 1256 1620 1298 erit
1649 1258 1963 1309 comprobatum
1995 1257 2242 1299 Ciceronem
2272 1263 2388 1299 certo
2417 1257 2559 1308 aliquo

219 1324 396 1367 consilio
426 1326 622 1368 turbasse
654 1330 885 1378 temporum
914 1324 1112 1367 ordinem.
1158 1324 1432 1379 Plutarcho³)
1462 1336 1587 1377 porro
1610 1327 1655 1366 et
1675 1323 1805 1366 Dioni
1826 1323 2018 1379 Cassio⁴)
2049 1329 2171 1368 tanta
2199 1324 2304 1368 fides
2326 1324 2561 1367 tribuenda

219 1397 303 1445 est,
341 1399 388 1435 ut
418 1406 490 1436 eos
520 1406 816 1445 nonnunquam
846 1393 889 1435 in
920 1392 1149 1435 subsidium
1180 1392 1389 1435 advocare
1417 1391 1602 1447 liceat‚⁶)
1662 1391 1776 1434 Nam
1807 1391 2000 1444 quamvis
2030 1392 2200 1435 dubium
2229 1405 2313 1435 non
2342 1392 2416 1446 sit,
2457 1391 2560 1445 quin

218 1461 477 1503 Plutarchus
514 1466 558 1503 et
588 1461 803 1503 Ciceronis
841 1461 1051 1502 orationes
1089 1465 1132 1502 et
1162 1460 1354 1502 Sallustii
1391 1460 1543 1501 librum
1579 1459 1831 1512 inspexerit,
1877 1465 2022 1502 tamen
2057 1460 2101 1502 in
2131 1461 2395 1513 gravissimis
2431 1461 2559 1502 rebus

217 1531 384 1572 tantam
412 1529 739 1582 discrepantiam
769 1529 920 1582 prodit,
951 1533 998 1571 ut
1027 1542 1078 1571 ea
1107 1542 1189 1571 non
1219 1542 1273 1571 ex
1302 1541 1446 1571 errore
1475 1529 1544 1571 vel
1574 1528 1847 1581 neglegentia
1876 1532 1971 1571 orta
1995 1541 2090 1571 esse
2115 1529 2260 1581 possit.
2306 1529 2431 1571 Unde
2460 1540 2556 1570 cum

216 1601 424 1650 appareat
453 1610 506 1639 ex
535 1597 618 1639 alio
648 1609 810 1649 quoque
840 1609 934 1638 eum
962 1596 1079 1638 fonte
1110 1596 1314 1649 hausisse,
1346 1608 1488 1638 eorum
1518 1595 1711 1648 equidem
1741 1595 1998 1639 sententiam
2027 1596 2312 1650 probaverim,
2343 1595 2415 1649 qui
2437 1595 2558 1639 Livii

216 1665 482 1718 potissimum
502 1666 687 1719 vestigia
716 1679 809 1707 eum
839 1665 1045 1718 pressisse
1076 1665 1316 1719 conjiciunt.
1362 1664 1481 1719 Quae
1511 1665 1755 1718 conjectura
1784 1665 1900 1706 haud
1928 1665 2217 1718 improbabilis
2247 1665 2417 1708 videtur
2445 1665 2556 1718 ideo,

217 1733 329 1786 quod
358 1734 618 1777 Plutarchus
647 1734 778 1777 habet
806 1741 924 1777 certa
959 1733 1134 1786 indicia,
1174 1733 1325 1786 quibus
1364 1733 1594 1776 sentiamus
1625 1733 1854 1776 Caesarem
1884 1747 1967 1776 non
1997 1734 2267 1776 abhorruisse
2297 1747 2324 1776 a
2353 1733 2559 1776 societate

216 1801 577 1856 conjurationis,⁶)
636 1796 767 1844 D'ioni
796 1801 963 1855 Cassio,
1002 1801 1073 1854 qui
1110 1806 1153 1844 et
1188 1801 1279 1855 ipse
1315 1801 1516 1844 nonnulla
1545 1802 1692 1855 habet,
1733 1814 1841 1854 quae
1871 1801 2004 1855 ipsius
2034 1806 2133 1845 sunt
2162 1801 2350 1856 propria,
2389 1801 2560 1845 videtur

215 1874 308 1913 tota
336 1875 697 1913 monumentorum
727 1870 848 1923 copia
877 1870 921 1912 in
951 1871 1142 1912 manibus
1179 1870 1329 1923 fuisse,
1376 1883 1429 1912 ex
1465 1883 1547 1922 qua
1583 1870 1812 1912 fluctuante
1845 1871 2004 1925 judicio
2044 1884 2161 1913 suam
2201 1870 2423 1913 historiam
2458 1883 2556 1913 con-

215 1938 435 1981 scriberet.

356 2008 458 2057 Jam
490 2008 603 2049 locos
625 2006 856 2060 Ciceronis,
888 2006 999 2049 unde
1029 2007 1130 2049 ordo
1160 2019 1300 2049 rerum
1329 2006 1531 2049 constitui
1556 2020 1678 2059 posse
1698 2007 1879 2060 videtur,
1910 2008 2146 2051 adscribam
2176 2021 2226 2050 ac
2255 2007 2432 2060 primum
2462 2008 2553 2060 qui-

217 2075 312 2116 dem
343 2087 427 2128 eos,
459 2075 610 2126 quibus
641 2078 761 2116 certa
790 2078 1024 2127 temporum
1053 2074 1212 2116 indicia
1241 2074 1524 2116 continentur.

357 2144 411 2185 In
441 2143 536 2186 Cat.
568 2145 604 2185 I.
639 2147 679 2185 7:
728 2143 1020 2186 Meministine
1057 2156 1123 2185 me
1160 2147 1260 2185 ante
1296 2143 1406 2185 diem
1444 2144 1555 2184 XII.
1588 2143 1810 2185 Kalendas
1841 2144 2103 2185 Novembres
2143 2145 2281 2185 dicere
2320 2144 2364 2185 in
2399 2149 2552 2186 senatu

216 2210 306 2253 fore
337 2210 381 2253 in
411 2210 540 2253 armis
570 2214 686 2253 certo
716 2210 803 2263 die,
843 2210 915 2263 qui
952 2210 1043 2253 dies
1073 2210 1241 2253 futurus
1273 2214 1388 2253 esset
1416 2215 1516 2253 ante
1546 2210 1658 2253 diem
1688 2211 1767 2255 VI.
1800 2211 2022 2253 Kalendas
2054 2212 2316 2254 Novembres
2347 2212 2395 2255 C.
2427 2212 2556 2255 Man-

214 2279 316 2321 lium
346 2279 550 2321 audaciae
580 2279 807 2321 satellitem
838 2282 966 2331 atque
995 2279 1291 2322 administrum
1319 2278 1455 2322 tuae?

356 2348 540 2389 Ibidem:
577 2348 683 2389 Dixi
713 2360 791 2401 ego
821 2347 931 2389 idem
961 2347 1005 2389 in
1036 2352 1186 2390 senatu
1216 2348 1388 2390 caedem
1418 2351 1461 2389 te
1492 2347 1757 2400 optimatium
1787 2348 2015 2390 contulisse
2045 2348 2088 2390 in
2117 2352 2217 2390 ante
2246 2349 2356 2391 diem
2376 2349 2430 2393 V.
2458 2350 2553 2392 Ka-

215 2417 364 2459 lendas
394 2418 677 2469 Novembres,
722 2420 810 2458 tum
850 2429 942 2458 cum
981 2416 1101 2458 multi
1140 2416 1353 2469 principes
1391 2416 1581 2458 civitatis
1611 2417 1748 2458 Roma
1784 2429 1867 2457 non
1906 2422 1992 2457 tam
2028 2416 2094 2458 sui
2124 2417 2400 2459 conservandi
2430 2431 2555 2470 quam

215 2487 382 2528 tuorum
417 2485 686 2529 consiliorum
722 2484 1080 2539 reprimendorum
1118 2498 1248 2528 causa
1283 2484 1577 2540 profugerunt.
1638 2484 1753 2527 Num
1792 2484 1968 2527 infitiari
2007 2490 2128 2539 potes
2168 2490 2210 2528 te
2248 2485 2319 2529 illo
2356 2486 2447 2540 ipso
2486 2486 2556 2530 die

216 2554 319 2596 meis
356 2555 598 2607 praesidiis,
643 2567 737 2596 mea
780 2554 1003 2607 diligentia
1038 2555 1354 2596 circumclusum
1391 2566 1655 2597 commovere
1690 2558 1734 2595 te
1770 2558 1918 2595 contra
1953 2566 2040 2595 rem
2076 2555 2283 2607 publicam
2320 2568 2402 2597 non
2438 2559 2559 2608 potu-

361 2671 387 2711 ¹)
412 2669 534 2704 Cicero
560 2680 622 2712 pro
648 2669 750 2704 Sulla
772 2671 794 2713 ξ
816 2670 875 2703 41.

356 2727 386 2770 ²)
411 2726 532 2762 Cicero
557 2737 619 2772 pro
645 2725 747 2762 Sulla
769 2726 790 2772 ξ
813 2726 860 2762 40
884 2725 1014 2762 crimen
1039 2732 1279 2771 corruptarum
1303 2725 1503 2762 tabularum
1528 2725 1581 2761 ita
1604 2724 1757 2769 refellit,
1791 2729 1831 2761 ut
1861 2730 1980 2761 tamen
2012 2725 2179 2761 concedat
2206 2726 2280 2762 fieri
2305 2726 2477 2771 potuisse,
2513 2734 2556 2764 ut

220 2793 284 2818 eae
308 2789 618 2827 corrumperentur.

360 2842 388 2883 ³)
412 2840 546 2883 Cicero,
574 2843 719 2876 14—16.

359 2898 390 2941 ⁴)
414 2898 613 2934 XXXVII.
638 2900 785 2934 29—33.

363 2956 388 3000 ⁵)
413 2955 512 3000 vide,
541 2966 630 3000 quae
654 2958 697 2992 de
722 2956 937 2992 auctoritate
963 2957 1084 2992 horum
1111 2956 1326 3001 *scriptorum
1357 2956 1505 3001 protulit
1529 2956 1642 2992 Diibi:
1681 2955 1751 2992 Die
1777 2955 1954 3001 jiingeren
1985 2955 2133 3002 Quellen
2167 2956 2227 2992 der
2258 2956 2553 2994 Catilinarischen

220 3013 515 3056 Versehworung.
564 3015 608 3048 N.
634 3015 781 3049 Jahrbb.
806 3016 832 3049 f.
857 3015 950 3049 Phil.
975 3025 1009 3048 u.
1034 3015 1172 3058 Padag.
1198 3016 1289 3049 1876
1313 3026 1346 3058 p.
1367 3016 1446 3049 852.

361 3070 391 3113 ⁶)
415 3069 466 3105 Ut
499 3080 764 3115 cognoscamus,
797 3071 1086 3116 quemadmodum
1119 3070 1245 3107 Livius
1275 3070 1552 3116 conjurationem
1582 3069 1847 3116 explanaverit‚
1884 3069 2094 3115 paucissima
2124 3076 2248 3107 extant
2277 3070 2426 3114 indicia3
2463 3073 2556 3117 quod

219 3132 340 3163 autem
356 3127 503 3162 Tacitus
526 3128 642 3162 annal.
662 3128 730 3163 IV.
747 3130 793 3164 34
807 3134 930 3164 narrat
954 3129 1066 3164 tantis
1081 3129 1289 3174 Pompejum
1313 3128 1476 3164 laudibus
1499 3139 1521 3163 a
1538 3128 1644 3164 Livio
1670 3138 1745 3164 esse
1770 3128 1924 3169 elatum,
1941 3133 1980 3163 ut
1997 3128 2250 3174 Pompejanum
2275 3139 2353 3165 eum
2370 3131 2559 3175 Augustus

220 3184 432 3230 appellaret,
455 3183 538 3220 inde
563 3184 685 3230 colligi
709 3190 826 3230 potest
850 3185 993 3222 Livium
1018 3186 1135 3223 omnia
1156 3187 1319 3233 Pompeji
1343 3187 1441 3223 facta
1465 3187 1502 3223 in
1525 3186 1706 3223 meliorem
1729 3191 1867 3232 partem
1890 3186 2079 3231 accepisse,
2103 3187 2266 3223 Caesaris
2291 3193 2413 3224 contra
2435 3188 2473 3224 in
2498 3189 2558 3224 de·

220 3241 331 3277 terius
356 3241 629 3284 interpretatum
653 3252 738 3276 esse.
