2812 3710
1379 235 1442 278 14

381 362 498 405 Num
526 374 675 406 verum
704 362 780 417 sit,
810 363 922 417 quod
949 363 1018 407 vir
1044 362 1312 406 doctissimus
1341 362 1422 406 sibi
1451 363 1697 419 persuadet,
1726 362 1833 407 nihil
1861 362 2066 418 obfuisse,
2102 363 2320 417 quominus
2349 367 2447 419 post
2475 364 2577 408 solis

234 443 431 474 occasum
452 435 629 475 senatus
648 432 897 486 haberetur,
934 433 979 476 in
999 433 1135 476 medio
1163 432 1462 486 relinquamus.
1521 433 1635 476 Nam
1663 432 1718 476 ad
1746 432 2021 476 refellendam
2049 432 2160 475 hanc
2188 432 2443 476 sententiam
2468 432 2577 476 nihil

232 513 341 553 opus
371 504 455 553 est,
505 500 589 543 nisi
627 505 677 543 ut
714 505 953 554 moneatur,
998 502 1043 544 id
1072 502 1182 554 quod
1205 502 1295 555 Jam
1323 503 1377 544 ab
1407 501 1502 544 aliis
1531 502 1733 544 monitum
1762 512 1858 543 esse
1884 501 2027 554 video,
2071 504 2158 543 tam
2185 501 2347 543 insoliti
2375 501 2576 555 temporis

234 568 395 612 nullum
428 567 474 611 in
505 567 771 613 orationibus
800 568 1017 613 Ciceronis
1047 572 1194 612 extare
1231 568 1444 612 indicium.
1503 569 1655 623 Neque
1698 568 1809 614 enim
1851 568 2142 622 dubitandum,
2187 568 2289 621 quin
2325 568 2493 623 Cicero,
2538 569 2576 613 si

234 648 389 680 revera
418 640 598 680 senatus
627 641 751 681 nocte
779 637 951 681 habitus
980 640 1106 691 esset,
1137 637 1228 692 eJus
1257 637 1320 680 rei
1350 637 1603 682 mentionem
1632 639 1822 683 facturus
1851 637 1993 682 fuerit.
2037 637 2164 681 Alias
2193 642 2308 682 certe
2328 637 2433 682 nihil
2452 650 2574 693 prae-

231 705 437 758 termisit,
487 706 589 758 quin
632 706 899 759 iniquitatem
943 709 1175 759 temporum
1218 705 1263 748 in
1303 706 1439 760 maJus
1473 707 1709 749 extolleret.
1770 706 1913 762 Quare
1949 711 2142 749 senatum
2179 706 2298 749 illum
2338 711 2460 749 nocte
2488 719 2575 750 non

232 772 428 817 habitum
464 786 559 817 esse
595 773 731 828 ipsum
762 773 979 817 Ciceronis
1008 773 1221 816 silentium
1251 773 1494 827 planissime
1523 774 1797 818 demonstrat.
1855 775 2007 828 Neque
2035 775 2194 818 habent
2221 775 2351 818 ullam
2378 774 2574 829 probabi-

232 842 373 884 litatis
406 843 603 894 speciem,
634 855 742 894 quae
762 843 831 884 vir
849 842 1114 883 doctissimus
1139 842 1194 883 ad
1224 842 1593 884 commendandam
1622 855 1740 884 suam
1769 843 2023 888 sententiam
2053 843 2190 884 addit:
2224 855 2327 894 „nec
2346 844 2430 885 ullo
2450 842 2573 885 modo

232 909 455 963 probabile
486 914 553 952 est
582 909 826 953 Ciceronem
861 909 1006 952 habito
1035 908 1108 951 illo
1136 913 1341 952 nocturno
1371 914 1581 953 conventu
1610 911 1879 962 consiliisque
1907 911 1963 953 ad
1991 923 2038 953 se
2067 911 2212 953 statim
2242 911 2395 953 delatis
2424 911 2571 953 factis-

232 989 318 1030 que
362 976 445 1020 sibi
490 977 637 1020 eadem
680 981 803 1020 nocte
847 976 1011 1019 insidiis
1045 976 1155 1019 diem
1184 976 1462 1020 intermisisse
1491 990 1542 1020 ac
1570 980 1658 1021 tum
1688 977 1854 1021 demum
1883 982 2075 1021 senatum
2104 981 2396 1022 convocasse.“
2457 979 2572 1022 Nam

233 1045 434 1100 quilibet,
468 1046 633 1099 opinor,
673 1046 798 1088 facile
827 1046 973 1088 credet
1000 1059 1084 1089 non
1115 1045 1261 1088 statim
1290 1046 1423 1099 primo
1453 1050 1549 1099 post
1577 1050 1828 1089 conventum
1855 1050 2103 1089 nocturnum
2133 1046 2202 1089 die
2231 1046 2477 1090 Ciceronem
2505 1059 2571 1090 se-

233 1117 385 1158 natum
416 1126 647 1158 convocare
675 1113 875 1168 potuisse,
906 1113 981 1157 sed
1011 1113 1194 1167 spatium
1223 1113 1306 1156 sibi
1335 1114 1574 1167 relinquere
1603 1113 1818 1168 debuisse,
1848 1119 1897 1157 ut
1924 1114 2166 1158 necessaria
2194 1114 2368 1168 quaevis
2397 1118 2573 1169 pararet

234 1183 292 1225 ad
334 1183 451 1225 urbis
497 1187 541 1224 et
583 1183 738 1225 civium
773 1184 953 1224 salutem
988 1183 1251 1224 servandam.
1309 1183 1434 1224 Illam
1463 1183 1573 1224 enim
1601 1187 1765 1225 noctem
1796 1182 1978 1224 omnium
2008 1188 2237 1235 temporum
2267 1183 2570 1236 conjurationis

236 1249 387 1294 Cicero
417 1250 664 1294 acerrimam
693 1250 826 1294 fuisse
857 1254 984 1304 atque
1014 1249 1327 1293 acerbissimam
1364 1250 1490 1305 dixit,
1535 1250 1689 1305 quippe
1733 1263 1816 1304 qua
1859 1249 2084 1304 descriptio
2129 1253 2258 1293 totam
2305 1263 2381 1304 per
2423 1251 2571 1294 urbem

233 1319 377 1361 caedis
407 1323 534 1371 atque
563 1319 851 1362 incendiorum
879 1319 1113 1361 constituta
1142 1323 1267 1361 esset.
1313 1319 1589 1362 Perficiendis
1618 1324 1759 1362 autem
1789 1319 2018 1361 sceleribus
2043 1319 2132 1373 jam
2152 1319 2383 1372 proximam
2403 1323 2571 1362 noctem

235 1386 393 1428 dictam
423 1387 556 1428 fuisse
585 1387 934 1429 verisimillimum
964 1391 1031 1428 081
1060 1391 1296 1440 propterea,
1328 1387 1438 1439 quod
1468 1387 1616 1429 Cicero
1646 1387 1751 1428 dicit
1777 1387 1822 1428 in
1852 1386 1947 1429 Cat.
1975 1387 2037 1428 II.
2061 1388 2132 1428 13:
2167 1387 2377 1440 „patefeci
2405 1391 2568 1431 cetera:

231 1454 334 1507 quid
363 1466 415 1497 ea
443 1458 565 1497 nocte
597 1454 780 1510 (scilicet
815 1455 926 1507 apud
956 1456 1159 1509 Laecam)
1204 1455 1381 1508 egisset,
1425 1454 1525 1507 quid
1567 1455 1612 1497 in
1655 1455 1886 1508 proximam
1929 1455 2258 1507 constituisset“,
2304 1460 2348 1497 et
2390 1456 2434 1498 in
2472 1456 2568 1498 Cat.

228 1522 268 1565 Ι.
302 1526 344 1564 1:
393 1522 521 1575 „quid
566 1522 774 1576 proxima,
819 1522 920 1575 quid
965 1522 1182 1576 superiore
1217 1526 1341 1565 nocte
1379 1521 1559 1577 egeris“.
1624 1523 1777 1578 Itaque
1814 1521 2076 1576 Ciceronem,
2122 1534 2215 1565 cum
2251 1522 2390 1566 omnia
2417 1536 2493 1577 per
2521 1535 2569 1567 se

172 1613 182 1619 κ
230 1591 348 1632 obire
378 1596 440 1642 et,
487 1591 587 1643 quid
626 1603 790 1644 quoque
825 1592 915 1632 loco
944 1591 1182 1633 faciendum
1213 1596 1345 1643 esset,
1390 1592 1612 1643 providere
1641 1592 1789 1642 vellet,
1833 1595 1967 1632 totum
1996 1591 2106 1632 diem
2135 1592 2442 1643 consumpsisse
2471 1604 2567 1633 con-

231 1661 480 1702 sentaneum
512 1661 591 1700 est.

374 1726 668 1769 Hachtmanni
697 1731 839 1768 autem
868 1727 1122 1768 sententiam
1152 1740 1236 1768 non
1265 1731 1332 1768 est
1360 1727 1470 1778 quod
1499 1727 1697 1780 refutem,
1744 1728 1815 1779 qui
1857 1727 2010 1769 nodum
2053 1739 2136 1768 non
2168 1727 2295 1769 solvit
2323 1728 2398 1769 sed
2427 1727 2570 1769 caedit

228 1796 389 1848 locum,
427 1807 604 1847 quocum
639 1807 811 1847 prorsus
841 1798 1003 1847 pugnat
1032 1794 1163 1847 ipsius
1194 1794 1422 1847 sententia,
1462 1798 1702 1848 corruptum
1732 1807 1826 1837 esse
1855 1798 2060 1837 statuenS.
2119 1793 2348 1837 Contendit
2376 1795 2487 1837 enim
2516 1807 2567 1837 eo

227 1863 340 1916 1000,
386 1862 458 1914 qui
487 1861 645 1915 legitur
673 1861 717 1903 in
746 1861 867 1903 initio
897 1861 1099 1903 orationis
1129 1861 1311 1914 primae:
1359 1862 1484 1914 „quid
1513 1861 1720 1916 proxima,
1765 1861 1864 1915 quid
1893 1861 2107 1914 superiore
2136 1866 2258 1904 nocte
2288 1863 2446 1916 egeris,
2491 1862 2566 1905 ubi

229 1930 366 1973 fueris
394 1932 502 1972 etc.“
526 1930 675 1972 verba:
710 1929 836 1982 „quid
864 1929 1080 1982 proxima“
1112 1929 1403 1983 interpolatori
1432 1930 1589 1973 deberi.
1634 1929 1718 1973 Sed
1748 1930 1853 1972 haec
1882 1929 2092 1983 scriptura
2112 1941 2202 1972 non
2231 1929 2352 1973 modo
2381 1930 2565 1973 omnium

229 1998 421 2042 codicum
453 1998 708 2041 auctoritate
738 1998 900 2050 nititur,
946 1998 1021 2040 sed
1057 1998 1184 2040 etiam
1213 1998 1425 2041 Prisciani
1463 1998 1702 2041 testimonio
1719 1999 1750 2053 ¹)
1795 1998 2075 2050 confirmatur,
2120 1999 2192 2050 qui
2226 2000 2361 2041 locum
2390 1999 2565 2041 exhibet

229 2067 380 2119 talem,
411 2067 577 2118 qualem
607 2078 717 2107 nunc
745 2065 789 2107 in
818 2066 974 2108 nostris
1005 2066 1313 2119 exemplaribus
1342 2067 1534 2120 legimus.

373 2135 599 2186 Reliquum
629 2135 750 2188 est,2)
780 2138 828 2176 ut
847 2134 1004 2187 Langii
1034 2134 1287 2176 sententiam
1318 2148 1645 2177 commemorem.
1690 2135 1809 2178 Sicut
1828 2135 2132 2178 Mommsenius
2153 2134 2397 2176 Ciceronem
2419 2134 2566 2188 arguit

229 2216 258 2248 a
276 2203 461 2248 veritate
490 2202 727 2257 deflexisse,
758 2202 821 2246 ita
840 2202 1032 2257 Langius
1063 2215 1156 2246 eum
1186 2204 1481 2259 neglegentiae
1510 2204 1579 2248 vel
1609 2203 1763 2247 erroris
1792 2203 2035 2247 insimulare
2065 2216 2147 2246 non
2177 2202 2355 2246 dubitat.
2363 2203 2398 2257 8)
2443 2202 2564 2246 Dicit

228 2272 340 2315 enim
373 2276 621 2314 nocturnum
652 2276 900 2314 conventum
932 2272 975 2314 in
1005 2272 1180 2315 aedibus
1210 2273 1378 2315 Laecae
1408 2272 1566 2315 factum
1595 2283 1689 2314 0880
1720 2283 1771 2315 ea
1800 2275 1941 2325 nocte,
1980 2283 2089 2324 quae
2119 2271 2266 2314 Nonas
2296 2272 2562 2314 Novembres

227 2346 377 2385 secuta
406 2341 480 2393 sit3
513 2342 566 2383 L.
588 2341 829 2383 Cornelium
859 2346 903 2383 et
922 2342 973 2383 L.
990 2342 1300 2395 Varguntejum
1329 2342 1404 2383 illa
1432 2342 1527 2393 ipsa
1554 2345 1678 2384 nocte
1707 2342 1831 2393 paulo
1861 2345 1962 2382 ante
1991 2342 2126 2383 lucem
2156 2341 2399 2382 Ciceronem
2429 2341 2561 2382 inter-

224 2408 352 2452 ficere
372 2408 577 2462 voluisse;
608 2412 797 2463 tempore
827 2412 968 2451 autem
998 2410 1202 2463 exclusoS‚
1234 2421 1327 2452 cum
1355 2408 1427 2452 ille
1457 2412 1689 2452 conventus
1718 2420 1851 2462 usque
1881 2408 1935 2452 ad
1954 2407 2205 2452 mat-utinum
2224 2412 2389 2463 tempus
2408 2407 2562 2452 ductus

226 2482 361 2529 esset,
401 2491 472 2519 eos
503 2482 673 2529 postero
703 2478 868 2519 demum
898 2478 985 2528 die,
1025 2478 1068 2518 id
1098 2482 1164 2518 est
1193 2491 1230 2518 a.
1262 2478 1302 2517 (1.
1333 2478 1437 2520 VII.
1469 2478 1534 2518 Id.
1566 2478 1696 2529 Nov„
1728 2478 1782 2518 ad
1811 2477 1981 2518 caedem
2011 2477 2307 2529 perficiendam
2336 2489 2564 2530 aggressos

225 2557 342 2598 esse;
373 2545 434 2587 810
463 2545 557 2587 fieri
588 2544 793 2598 potuisse,
825 2548 873 2586 ut
903 2543 1054 2586 Cicero
1083 2544 1127 2587 in
1156 2544 1346 2587 oratione
1376 2558 1450 2597 pro
1480 2544 1599 2587 Sulla
1627 2543 1764 2586 minus
1793 2543 2020 2597 diligenter
2051 2547 2199 2596 „nocte
2228 2557 2297 2597 ea,
2328 2557 2436 2596 quae
2465 2557 2563 2587 con-

223 2617 374 2657 secuta
404 2617 471 2655 est
501 2618 716 2666 posterum
746 2613 856 2655 diem
877 2613 1096 2660 Nonarum
1117 2613 1158 2655 N
1162 2613 1444 2655 ovembrium“
1477 2612 1516 2655 id
1550 2617 1617 2654 est
1648 2612 1811 2665 „altera
1840 2616 1961 2654 nocte
1985 2617 2081 2666 post·
2100 2612 2248 2655 Nonas
2269 2613 2311 2655 N
2314 2613 2559 2656 ovembres“

223 2689 476 2726 conventum
507 2682 666 2724 factum
697 2694 791 2724 esse
821 2682 995 2723 diceret.

361 2842 486 2879 Senec.
512 2843 555 2878 de
587 2848 702 2886 tranq.
733 2852 789 2878 an.
821 2843 883 2877 15:
921 2841 1073 2887 majores
1103 2850 1239 2885 quoque
1265 2839 1383 2885 {nostri
1412 2850 1540 2875 novam
1569 2839 1775 2875 relationem
1805 2845 1885 2885 post
1913 2839 2034 2876 horam
2063 2839 2234 2876 decimam
2265 2839 2302 2876 111
2331 2844 2453 2876 senatu
2483 2839 2564 2876 fieri

218 2900 405 2936 vetabant.

364 2959 392 3002 ¹)
418 2957 548 2993 institt.
573 2957 633 2993 lib.
656 2956 805 2992 XVIII.
830 2958 910 2992 290.

361 3018 393 3059 ²)
417 3016 516 3050 Nihil
545 3026 661 3050 moror
684 3014 895 3058 sententias,
929 3025 1016 3057 quas
1039 3015 1169 3058 Zumpt
1193 3019 1231 3049 et
1255 3013 1425 3048 Weidner
1449 3013 1686 3057 protulerunt,
1722 3013 1812 3048 satis
1831 3014 1907 3058 jam
1930 3014 1975 3048 ab
1999 3012 2081 3048 aliis
2110 3013 2289 3057 explosas,
2322 3023 2467 3057 quorum
2497 3013 2562 3049 1110

219 3072 364 3117 (Jahrb.
388 3073 414 3108 f.
440 3073 547 3108 klass.
564 3072 694 3107 Philol.
719 3073 751 3107 7.
770 3072 892 3116 Suppl.
911 3072 977 3107 Bd.
1003 3073 1094 3107 1875
1116 3084 1150 3116 p.
1169 3073 1236 3107 577
1262 3072 1349 3115 seq.)
1373 3070 1553 3105 Ciceronis
1577 3070 1689 3105 locum
1714 3069 1792 3105 Cat.
1809 3069 1840 3105 Ι.
1861 3073 1879 3105 1
1908 3070 2189 3114 interpunctione
2212 3075 2350 3106 mutata
2373 3070 2427 3106 ita
2450 3071 2559 3115 legit:

223 3128 364 3174 ,1ὶυίᾱῖ
402 3129 560 3173 proxima
591 3129 676 3173 quid
706 3128 884 3173 superiore
913 3133 1017 3164 nocte
1049 3128 1166 3173 egeris
1195 3133 1297 3173 etc.“,
1334 3128 1391 3163 hic
1422 3126 1530 3172 (Phil.
1556 3128 1648 3163 Anz.
1673 3128 1762 3163 1877
1787 3138 1821 3172 p.
1845 3129 1914 3163 410
1938 3128 2025 3171 seq.)
2055 3131 2173 3163 censet
2197 3127 2401 3163 Ciceronem
2425 3126 2558 3163 verbis:

220 3186 331 3230 ‚quid
353 3186 523 3230 proxima,
548 3186 632 3229 quid
655 3185 833 3230 superiore
856 3190 960 3221 nocte
985 3185 1121 3231 egeris‘·
1147 3197 1218 3221 non
1242 3185 1401 3221 diversas
1423 3188 1545 3220 noctes
1569 3184 1780 3229 significare,
1805 3185 1865 3220 sed
1890 3185 2045 3230 ejusdem
2069 3184 2182 3220 noctis
2205 3184 2364 3220 diversas
2387 3189 2518 3229 partes.

362 3245 392 3288 ³)
417 3244 520 3279 Rom.
545 3244 703 3280 Alterth.
727 3244 801 3279 ΠΙ.
826 3255 859 3287 p.
883 3246 963 3279 242.
