2812 3710
298 343 468 398 attinet,
501 343 684 387 concedo
704 342 949 388 Ciceronem
980 344 1036 388 ad
1065 347 1258 392 senatum
1286 344 1598 389 convocandum
1626 344 1743 387 nulla
1770 357 1818 387 re
1845 343 1929 388 nisi
1957 344 2145 388 consiliis
2174 344 2386 387 Catilinae
2414 345 2633 388 nocturnis

299 416 552 454 commotum
582 412 730 454 fuisse.
790 413 876 456 Sed
905 417 1065 468 tamen,
1102 414 1139 456 si
1168 414 1261 467 quis
1291 418 1407 457 recte
1436 412 1728 457 aestimaverit
1755 423 1825 456 res
1854 424 2080 466 earumque
2108 424 2191 455 non
2219 415 2307 456 tam
2336 416 2515 457 externa
2542 411 2632 456 vin-

297 481 396 521 cula
423 493 548 532 quam
578 480 766 533 interna,
798 481 949 532 quibus
978 482 1092 523 inter
1121 493 1166 523 se
1196 483 1441 534 cohaerent,
1479 479 1755 533 spectaverit,
1792 480 1906 522 nullo
1934 478 2056 521 modo
2085 478 2129 521 in
2159 490 2208 522 eo
2237 479 2485 535 haesitabit,
2524 478 2634 534 quod

297 546 525 591 Sallustius
554 547 638 590 hac
666 548 976 591 consociatione
1007 554 1050 591 et
1079 549 1371 603 conjunctione
1408 562 1547 591 rerum
1583 561 1684 591 usus
1732 548 1809 601 sit3
1853 548 1977 590 immo
2011 560 2113 590 vero
2148 548 2353 591 fatebitur
2386 548 2634 592 Sallustium

296 615 463 669 legibus
492 615 600 659 artis
629 615 859 659 historicae
888 616 1043 669 optime
1073 617 1178 659 satis
1207 616 1373 659 fecisse.
1431 617 1545 659 Illud
1581 617 1692 659 enim
1728 617 1958 670 diligenter
2000 621 2138 668 curat,
2184 617 2293 668 quod
2335 617 2634 670 gravissimum

298 687 383 736 est,
427 689 473 725 ut
515 696 584 734 ea,
629 696 737 736 quae
774 690 1014 737 narrantur,
1058 684 1157 727 licet
1186 683 1366 727 diversis
1395 684 1654 738 temporibus
1684 687 1729 726 et
1757 683 1861 727 locis
1890 688 2014 738 gesta
2050 683 2147 737 sint,
2193 683 2449 738 cogitatione
2489 688 2633 727 tamen

298 750 426 794 facile
457 752 756 805 comprehendi
784 753 958 805 possint.
971 753 1002 807 ¹)
1060 751 1182 806 Quod
1219 756 1267 794 ut
1302 753 1492 806 probem,
1541 753 1678 805 qualis
1717 752 1848 795 fuerit
1875 756 1976 794 tunc
2005 752 2188 795 conditio
2216 765 2357 795 rerum
2386 753 2531 806 paucis
2560 765 2632 796 ex-

296 832 463 873 ponam.

443 888 585 941 Supra
608 888 698 942 ⁴jam
727 888 927 930 monitum
958 891 1024 930 est
1053 888 1311 941 Ciceronem,
1343 888 1533 941 quamvis
1555 888 1768 931 Catilinae
1798 887 1973 930 consilia
1996 888 2085 941 jam
2114 887 2158 930 in
2187 889 2408 930 multorum
2438 888 2632 931 notitiam

299 955 611 1008 pervenissent,
643 958 784 997 tamen
813 968 896 997 non
926 968 1072 997 ausum
1102 968 1196 998 esse
1224 955 1269 998 in
1299 969 1393 999 eum
1422 955 1775 999 animadvertere.
1820 955 1952 1010 Cujus
1981 955 2044 999 rei
2073 968 2244 999 causam
2273 955 2420 1000 Cicero
2448 956 2540 1010 ipse
2567 956 2631 1000 in-

298 1022 470 1077 dicam)
529 1024 767 1066 Terrebant
796 1023 905 1065 enim
936 1024 1050 1067 cives
1079 1037 1162 1066 non
1192 1030 1279 1067 tam
1309 1037 1514 1076 rumores,
1555 1024 1628 1077 qui
1656 1024 1709 1066 de
1739 1023 1926 1067 Catilina
1954 1024 1998 1066 in
2027 1025 2129 1066 urbe
2159 1036 2208 1066 eo
2238 1028 2426 1077 tempore
2456 1036 2631 1067 commo-

297 1095 423 1134 rante
453 1091 663 1145 divulgati
693 1095 828 1144 erant,
859 1104 983 1143 quam
1012 1095 1150 1142 motus
1169 1094 1355 1146 Etrusci,
1386 1093 1440 1135 ad
1471 1105 1574 1145 quos
1604 1092 1897 1145 opprimendos
1925 1105 2102 1145 magnas
2131 1092 2175 1134 in
2204 1093 2307 1134 urbe
2334 1093 2491 1135 armari
2514 1093 2631 1135 vide-

297 1159 402 1201 bant
431 1158 587 1211 copias.
647 1158 811 1213 Quibus
842 1159 1075 1202 Manlianis
1105 1161 1340 1203 actionibus
1371 1165 1551 1213 quantus
1581 1159 1638 1202 sit
1675 1163 1813 1202 terror
1856 1159 2019 1202 civibus
2062 1160 2254 1202 incussus
2289 1159 2516 1203 Sallustius
2559 1160 2631 1203 de-

297 1226 502 1281 scribit.³)
550 1225 710 1281 Quodsi
740 1226 856 1269 cives
886 1227 1102 1270 societatis
1124 1228 1334 1271 Catilinae
1365 1241 1455 1272 cum
1478 1227 1640 1272 Manlio
1670 1231 1788 1270 certa
1817 1227 2058 1270 testimonia
2087 1227 2348 1280 habuissent,
2379 1227 2416 1269 is
2447 1228 2491 1270 in
2522 1241 2631 1270 sum-

296 1307 408 1337 mam
438 1294 640 1337 invidiam
670 1295 953 1337 adduceretur
981 1308 1154 1338 necesse
1184 1301 1289 1339 erat.
1334 1296 1437 1339 Ideo
1467 1296 1596 1350 igitur
1626 1295 1698 1338 ille
1728 1299 1901 1337 senatus
1931 1295 2014 1337 fuit
2037 1295 2147 1338 tanti
2167 1295 2365 1338 momenti
2384 1299 2632 1347 tantumque

296 1363 433 1405 valuit
462 1363 517 1404 ad
547 1362 850 1416 conjurationis
880 1364 1203 1405 exstinctionem
1233 1364 1537 1417 maturandam,
1568 1363 1677 1415 quod
1707 1362 1895 1405 Catilina
1923 1362 2138 1405 Ciceronis
2168 1362 2357 1405 oratione
2386 1362 2557 1405 edoctus
2585 1362 2631 1405 in

295 1430 412 1479 urbe,
458 1442 551 1472 cum
598 1429 738 1471 omnia
775 1430 1039 1472 clandestina
1068 1431 1245 1472 consilia
1275 1431 1458 1474 consulis
1487 1430 1713 1484 vigilantia
1741 1429 2056 1482 impedirentur,
2101 1442 2189 1471 rem
2219 1431 2376 1473 nullam
2405 1430 2632 1473 succedere

294 1497 433 1540 Roma
462 1497 672 1552 proficisci
701 1497 884 1539 animum
914 1497 1093 1540 induxit.
1140 1498 1236 1552 Qua
1264 1499 1521 1550 profectione
1553 1498 1744 1539 effectum
1776 1502 1855 1550 est,
1886 1498 1929 1538 id
1959 1498 2068 1549 quod
2089 1497 2236 1539 Cicero
2264 1498 2380 1550 dicit,
2411 1502 2460 1540 ut
2488 1510 2631 1541 omnes

294 1564 453 1607 factam
485 1578 579 1607 esse
609 1569 757 1617 aperte
787 1565 1118 1618 conjurationem
1149 1570 1296 1607 contra
1326 1566 1622 1618 rempublicam
1653 1565 1849 1606 viderent
1877 1570 1921 1606 et
1949 1566 2087 1616 palam
2112 1565 2201 1617 jam
2231 1577 2323 1606 cum
2361 1566 2482 1606 hoste
2516 1566 2630 1606 nullo

295 1632 551 1686 impediente
580 1632 737 1675 bellum
761 1632 924 1686 Justum
953 1635 1188 1686 gereretur.
1247 1632 1372 1676 Licet
1401 1637 1541 1676 autem
1572 1632 1721 1676 Cicero
1750 1632 1866 1676 nulla
1895 1632 1980 1676 alia
2008 1645 2054 1676 re
2083 1636 2219 1676 motus
2253 1633 2335 1676 nisi
2372 1637 2420 1676 ut
2456 1632 2632 1676 consilia

293 1706 504 1744 nocturna
532 1701 644 1753 apud
674 1702 860 1743 Laecam
890 1701 997 1743 inita
1026 1702 1230 1754 aperiret,
1266 1702 1381 1744 illum
1418 1707 1609 1743 senatum
1648 1701 1962 1753 convocaverit,
1999 1705 2141 1743 tamen
2175 1701 2212 1742 si
2242 1701 2427 1744 Catilina
2463 1701 2631 1744 senatui

293 1781 379 1811 non
407 1768 693 1821 interfuisset,
730 1773 869 1811 status
898 1782 1038 1811 rerum
1069 1770 1296 1811 mansisset
1324 1771 1439 1821 talis,
1480 1770 1616 1822 qualis
1646 1774 1774 1811 antea
1802 1769 1954 1810 fuerat.
2014 1770 2164 1821 Neque
2192 1781 2293 1811 vero
2323 1769 2550 1811 Catilinam
2580 1781 2630 1810 eo

297 1836 473 1879 consilio
504 1837 547 1879 in
577 1841 770 1880 senatum
802 1836 983 1885 venisse,
1014 1841 1062 1880 ut
1091 1837 1142 1880 de
1173 1837 1397 1890 patefactis
1428 1836 1614 1892 consiliis
1643 1836 1860 1880 nocturnis
1891 1836 2044 1879 certior
2063 1836 2202 1880 factus
2223 1837 2331 1880 hanc
2351 1837 2630 1891 suspicionem

299 1906 487 1957 tolleret,
518 1905 791 1948 manifestum
820 1905 983 1947 faciunt
1013 1905 1227 1947 Ciceronis
1257 1907 1386 1948 verba
1416 1906 1479 1961 (in
1509 1906 1602 1949 Cat.
1633 1906 1695 1947 II.
1729 1904 1820 1959 13):
1861 1905 1975 1957 „Hic
2004 1918 2081 1959 ego
2111 1907 2336 1948 vehemens
2366 1906 2527 1959 consul,
2558 1905 2631 1958 qui

296 1975 430 2017 verbo
460 1974 576 2015 cives
605 1973 648 2015 in
679 1973 851 2014 exilium
882 1973 1016 2026 ejicio,
1047 1973 1237 2024 quaesivi
1266 1987 1292 2015 a
1322 1974 1519 2025 Catilina,
1550 1973 1593 2015 in
1622 1977 1826 2015 nocturno
1855 1977 2064 2015 conventu
2093 1974 2204 2025 apud
2229 1974 2291 2015 M.
2313 1974 2497 2015 Laecam
2527 1973 2628 2014 fuis·

295 2045 365 2083 set
393 2052 539 2082 necne.
599 2039 705 2082 Cum
735 2039 806 2081 ille
836 2040 959 2081 homo
989 2039 1290 2082 audacissimus
1321 2040 1576 2083 conscientia
1612 2039 1831 2083 convictus
1868 2039 2001 2093 primo
2039 2039 2297 2094 reticuisset,
2343 2039 2527 2094 patefeci
2562 2052 2629 2083 ce·

439 2201 465 2240 Ι)
492 2197 749 2233 Sallustianum
773 2197 940 2231 narrandi
965 2197 1119 2231 ordinem
1145 2198 1322 2240 scriptoris
1346 2198 1490 2231 consilio
1523 2197 1627 2231 facile
1662 2197 1819 2232 excusari
1852 2208 1970 2240 posse,
2006 2198 2072 2231 hac
2102 2197 2138 2231 in
2169 2197 2345 2234 sententia
2374 2197 2464 2232 alios
2493 2206 2629 2240 quoque

292 2266 435 2300 prorsus
461 2254 721 2289 consentientes
745 2253 869 2297 habeo,
895 2253 986 2288 inter
1010 2264 1095 2297 quos
1120 2255 1256 2298 appello
1281 2254 1581 2297 Wiedemamuun,
1607 2254 1665 2297 qui
1690 2253 1835 2297 (Philol.
1858 2254 1985 2289 XXII.
2010 2265 2043 2298 p.
2061 2255 2130 2290 495
2154 2255 2240 2298 seq.)
2264 2255 2366 2289 docet
2391 2253 2555 2290 Sallustii
2579 2254 2628 2288 lo-

295 2323 374 2348 cum
397 2314 470 2356 (27.
493 2314 514 2347 3
528 2331 568 2336 —
585 2314 642 2346 28.
667 2313 705 2354 3)
730 2321 805 2345 esse
830 2310 969 2355 insigne
994 2311 1188 2354 exemplum
1212 2311 1422 2347 artificiosae
1446 2323 1560 2347 rerum
1585 2311 1865 2357 compositionis;
1891 2317 1989 2347 certa
2012 2312 2103 2348 enim
2128 2312 2258 2348 indicia
2283 2318 2417 2355 extare,
2441 2312 2533 2347 unde
2557 2312 2628 2347 elu-

293 2377 374 2406 ceat
391 2369 601 2405 Sallustium
625 2380 694 2403 non
719 2369 902 2412 ignorasse
927 2374 1060 2402 rectum
1084 2379 1197 2402 rerum
1223 2369 1390 2411 ordinem,
1415 2370 1475 2403 sed
1501 2370 1658 2403 consulto
1683 2380 1762 2403 eum
1786 2369 2050 2413 praeoptavisse
2076 2369 2242 2403 narrandi
2261 2369 2427 2412 ordinem,
2453 2368 2511 2412 qui
2529 2368 2630 2412 quasi

292 2426 462 2462 dramatis
488 2426 600 2461 instar
624 2425 732 2460 certis
756 2424 925 2469 gradibus
949 2425 994 2459 ad
1020 2425 1265 2468 catastrophen
1291 2426 1498 2461 decurreret.

431 2487 461 2527 ²)
486 2485 521 2518 iu
547 2485 627 2517 Cat.
653 2484 684 2518 Ι.
710 2485 774 2516 30:
811 2493 1021 2525 quamquam
1045 2482 1201 2516 nonnulli
1226 2488 1305 2517 sunt
1330 2483 1364 2516 in
1390 2484 1453 2516 hoc
1479 2483 1616 2524 ordine,
1648 2483 1706 2525 qui
1737 2488 1800 2517 aut
1824 2493 1867 2516 ea
1891 2493 1980 2525 quae
2006 2482 2188 2517 imminent
2212 2493 2279 2516 non
2304 2481 2466 2524 videant,
2498 2487 2560 2516 aut
2585 2492 2630 2516 ea

290 2550 382 2586 quae
405 2540 529 2576 vident
554 2538 795 2575 dissimulent:
830 2537 889 2582 qui
914 2548 1010 2582 spem
1036 2537 1212 2573 Catilinae
1237 2538 1397 2574 mollibus
1423 2540 1607 2575 sententiis
1632 2541 1812 2582 aluerunt,
1838 2540 2112 2584 conjurationem
2138 2544 2338 2574 nascentem
2362 2550 2431 2573 non
2456 2539 2628 2573 credendo

289 2598 625 2637 corroboraverunt;
658 2607 804 2639 quorum
835 2596 1087 2630 auctoritatem
1111 2595 1222 2629 secuti
1247 2596 1347 2630 multi
1372 2607 1438 2630 non
1465 2597 1573 2631 solum
1599 2596 1747 2641 improbi
1770 2606 1892 2631 verum
1917 2596 2024 2632 etiam
2049 2595 2220 2641 imperiti,
2245 2596 2275 2631 si
2299 2595 2333 2631 in
2358 2595 2449 2631 hunc
2473 2594 2628 2631 animad-

288 2654 484 2692 vertissem.
510 2654 701 2690 crudeliter
725 2659 760 2689 et
784 2653 885 2697 regie
910 2653 1044 2688 factum
1069 2664 1145 2688 ease
1169 2653 1325 2687 dicerent
1378 2655 1477 2687 Nunc
1502 2654 1678 2697 intelligo,
1703 2654 1732 2688 si
1757 2655 1836 2696 iste,
1861 2665 1929 2695 quo
1954 2654 2119 2695 intendit,
2144 2654 2180 2687 in
2205 2654 2387 2687 Manliana
2411 2658 2528 2686 castra
2551 2663 2628 2695 per—

287 2712 444 2754 venerit,
469 2711 643 2746 neminem
670 2717 742 2745 tam
768 2710 916 2745 stultum
941 2709 1034 2753 fore,
1060 2708 1119 2753 qui
1144 2719 1212 2743 non
1238 2708 1357 2745 videat
1383 2709 1657 2755 conjurationem
1683 2721 1758 2746 esse
1783 2710 1926 2755 saetam,
1951 2709 2125 2746 neminem
2150 2715 2223 2746 tam
2248 2709 2451 2754 improbum,
2476 2709 2534 2753 qui
2558 2720 2628 2745 non

410 2781 461 2803 ur.

290 2770 409 2805 fssoeat
428 2826 671 2862 conferendus
688 2837 825 2870 quoque
843 2830 897 2861 est
913 2825 1010 2860 locus
1027 2824 1155 2859 Dionis
1172 2823 1285 2859 Cassii
1302 2824 1516 2867 (XXXVII.
1534 2826 1612 2868 3l):
1640 2820 1866 2867 γενομένου
1896 2815 1943 2855 δὲ
1972 2814 2128 2856 τούτου
2157 2825 2307 2869 (scilicet
2326 2824 2422 2859 dicto
2439 2824 2629 2867 dictatore)

287 2886 363 2925 καὶ
398 2885 588 2938 ᾳρονρᾶς
625 2883 875 2936 πολλαχόθι
915 2881 1196 2937 καταστάσης
1231 2881 1288 2923 τὰ
1326 2885 1405 2935 μὲν
1443 2885 1488 2923 ἐν
1526 2883 1587 2934 τῷ
1627 2878 1752 2924 ἇσιει
1787 2878 1925 2924 οὐκέτ’
1962 2884 2270 2936 ἐνεωτερίσθη,
2310 2877 2422 2922 ὥστε
2450 2883 2522 2922 καὶ
2550 2883 2628 2922 ἐπὶ

288 2955 562 3006 συιοφανιίᾳ
593 2950 670 2991 τὸν
701 2954 919 3003 Κικέρωνα
950 2950 1259 3005 διαβληθῆναι.
1319 2947 1376 2989 τὰ
1408 2949 1454 2989 δὲ
1483 2951 1528 2989 ἐκ
1558 2951 1644 2991 τῶν
1676 2951 1908 3003 Τυρσυνῶν
1946 2946 2234 3004 ἀγγελλόμενα
2273 2948 2352 3004 τήν
2388 2964 2437 2990 τε
2476 2948 2627 2990 αἰτίαν

288 3018 569 3060 ἐπιστώσατο
598 3020 672 3059 καὶ
700 3020 799 3071 βίας
829 3015 900 3058 ἐπ’
931 3014 1080 3066 αὐτοῖς
1110 3016 1278 3072 γραφὴν
1308 3019 1370 3070 τῷ
1399 3017 1613 3074 Κατιλίνᾳ
1644 3018 1957 3071 παρεσκεύασε.

429 3099 458 3140 ⁸)
498 3108 574 3141 cap.
598 3099 659 3133 31:
697 3097 822 3141 quibus
849 3097 953 3133 rebus
981 3102 1142 3142 permota
1173 3095 1302 3132 civitas
1331 3101 1438 3139 atque
1475 3094 1661 3132 immutata
1694 3097 1789 3132 urbis
1817 3097 1928 3132 facies
1958 3102 2052 3137 erat3
2098 3106 2142 3130 ex
2181 3106 2315 3130 summa
2343 3094 2485 3131 laetitia
2518 3100 2627 3139 atque

287 3154 449 3197 lascivia,
475 3164 566 3198 quae
582 3153 749 3190 diuturna
771 3154 869 3198 quies
888 3159 1086 3199 pepererat,
1109 3159 1253 3199 repente
1277 3152 1389 3188 omnis
1411 3151 1563 3189 tristitia
1586 3153 1736 3190 invasit:
1761 3154 1949 3198 festinare,
1974 3153 2170 3199 trepidare,
2193 3163 2305 3197 neque
2329 3152 2405 3188 loco
2429 3162 2542 3197 neque
2565 3152 2626 3187 ho-

288 3212 377 3249 mini
401 3212 565 3256 cuiquam
588 3212 678 3249 satis
702 3213 862 3254 credere3
886 3223 999 3257 neque
1022 3212 1152 3248 bellum
1176 3222 1312 3258 gerere,
1336 3222 1449 3256 neque
1474 3222 1595 3256 pacem
1619 3212 1764 3257 babere,
1788 3223 1850 3248 suo
1875 3212 2019 3256 quisque
2043 3217 2138 3246 metu
2162 3210 2319 3255 pericula
2343 3209 2470 3245 metiri.
