2812 3710
1390 239 1420 284 9

239 369 442 423 Catilina,
472 368 574 423 quin
603 368 731 411 etiam
760 368 804 411 in
834 374 1033 412 senatum
1064 370 1276 414 veniebat.
1324 370 1525 414 Dictator
1550 370 1659 412 satis
1687 370 1874 412 habebat
1901 370 2211 424 conjuratorum
2239 370 2425 413 nefarios
2454 383 2576 413 cona-

239 440 312 480 tus
340 436 430 480 suis
458 435 684 489 praesidiis
714 440 758 478 61
787 448 866 479 8113
895 436 1122 492 diligentia
1149 438 1424 492 oppressisse.
1481 436 1625 493 Quare
1653 436 1804 480 Cicero
1840 449 1893 479 ue
1926 436 2106 479 inertiae
2133 438 2203 480 vel
2230 437 2427 491 ignaviae
2455 450 2577 481 accu-

241 507 375 558 setur,
405 516 549 551 omnes
579 503 864 547 excusationis
893 516 1046 549 causas
1076 504 1252 560 colligit,
1279 505 1492 550 nonnullis
1518 505 1624 549 locis
1651 509 1801 559 aperte
1828 504 1972 558 prodit
1997 504 2189 548 timorem
2219 517 2353 548 suum.
2363 505 2396 561 ¹)
2448 505 2577 550 Certe

238 583 414 628 prorsus
448 571 555 615 nihil
589 575 705 626 erat,
748 571 858 626 quod
892 571 1040 616 Cicero
1075 572 1148 617 illo
1181 574 1291 628 loco,
1335 585 1418 629 quo
1450 573 1619 617 laudem
1651 585 1772 617 suam
1801 585 1885 617 non
1913 572 2006 616 sine
2034 572 2318 616 ostentatione
2345 573 2575 629 praedicat,

242 641 457 684 dictatura
484 653 563 683 sua
589 640 854 694 gloriaretur.

381 707 596 762 Deinceps
624 707 850 752 videndum
881 711 959 762 est,
989 721 1070 763 quo
1096 708 1167 752 die
1185 693 1335 753 Cicero
1363 709 1544 764 primam
1573 710 1805 753 orationem
1825 709 1868 753 in
1889 709 2118 753 Catilinam
2147 708 2356 752 habuerit.
2404 708 2577 763 Optime

243 789 349 821 vero
378 776 546 832 accidit,
577 776 686 831 quod
714 776 806 830 ipse
837 775 986 820 Cicero
1018 777 1140 821 nobis
1169 777 1363 822 idoneam
1393 778 1501 822 satis
1537 778 1658 822 dedit
1689 792 1837 823 ansam
1871 778 1923 822 ad
1955 778 2067 821 hunc
2094 777 2205 821 diem
2233 781 2349 821 recte
2377 777 2576 823 definien-

238 846 357 900 dum,
401 845 465 888 ita
501 849 551 889 ut
583 845 657 890 vix
694 857 797 899 opus
835 845 893 888 sit
921 845 977 889 ad
1007 846 1187 890 aliorum
1215 846 1468 902 scriptorum
1495 847 1740 891 testimonia
1767 858 1998 890 recurrere.
2056 846 2224 889 Indicia
2249 857 2364 900 vero,
2395 859 2504 900 quae
2531 847 2577 891 in

240 914 501 957 orationibus
531 913 747 956 Ciceronis
777 918 938 967 extant,
971 914 1073 956 licet
1109 915 1196 957 sint
1222 916 1316 958 luce
1344 915 1539 969 clariora,
1569 918 1711 958 tamen
1740 920 1851 969 sunt,
1883 916 1954 968 qui
1982 916 2161 957 obscura
2188 919 2341 968 putent
2368 919 2414 957 61
2440 916 2486 958 111
2513 916 2576 958 (11-

235 982 507 1027 versissimas
526 986 671 1036 partes
690 986 864 1026 versent
891 995 975 1027 11011
1005 983 1135 1027 3113111
1168 984 1221 1027 ob
1250 995 1434 1038 631183111,
1464 996 1588 1038 quam
1618 996 1673 1027 ne
1701 990 1938 1039 repugnent
1965 984 2101 1028 falsae
2129 983 2194 1027 illi
2222 983 2420 1037 opinioni,
2451 997 2577 1039 quam

236 1051 400 1095 habent
432 1051 485 1094 de
521 1051 607 1100 die,
653 1062 733 1105 quo
764 1049 912 1093 Cicero
942 1051 1126 1095 dictator
1155 1051 1295 1095 (1161118
1323 1051 1393 1095 sit.
1449 1051 1522 1094 Ac
1549 1051 1727 1106 primum
1756 1051 1973 1095 Ciceronis
2002 1052 2115 1095 locos
2144 1051 2446 1096 examinemus.
2503 1052 2574 1097 Ci-

237 1133 336 1161 cero
367 1133 459 1161 eam
487 1124 671 1170 noctem,
713 1132 796 1171 qua
824 1120 1032 1171 conjurati
1065 1124 1353 1162 convenerunt
1379 1121 1424 1162 111
1452 1121 1519 1163 Μ.
1547 1120 1718 1161 Laecae
1746 1121 1911 1162 domum
1940 1134 2016 1172 pro
2045 1121 2166 1162 Sulla
2195 1120 2220 1174 ξ
2250 1125 2305 1161 52
2335 1122 2402 1162 his
2431 1123 2575 1163 verbis

237 1186 432 1234 denotat:
476 1184 602 1242 „quid
630 1184 801 1230 tandem
830 1185 882 1230 de
911 1184 986 1231 illa
1018 1189 1141 1232 nocte
1170 1185 1292 1242 dicit,
1322 1197 1416 1248 cum
1443 1184 1558 1232 inter
1586 1185 1784 1232 falcarios
1812 1186 1867 1232 ad
1897 1187 1960 1233 M.
1979 1186 2176 1232 Laecam
2206 1190 2329 1232 nocte
2359 1200 2428 1243 ea,
2465 1200 2574 1244 quae

238 1257 467 1298 consecuta
497 1258 563 1297 est
590 1257 802 1308 posterum
832 1255 945 1297 diem
978 1255 1197 1297 Nonarum
1225 1254 1531 1298 Novembrium
1559 1265 1626 1297 me
1655 1256 1840 1309 consule,
1881 1255 2092 1299 Catilinae
2125 1255 2446 1299 denuntiatione
2475 1268 2572 1301 con-

233 1322 408 1364 venit?“

377 1391 506 1435 Hunc
536 1390 671 1434 locum
691 1390 890 1435 Halmius
923 1390 1079 1445 quique
1110 1403 1206 1435 eum
1233 1390 1371 1435 secuti
1398 1394 1500 1435 sunt
1526 1390 1813 1445 Drumannus,
1832 1391 2070 1445 Richterus,
2093 1391 2354 1446 Madvigius,
2376 1393 2571 1448 Langius

234 1461 352 1502 recte
380 1458 728 1513 interpretantur.
787 1459 919 1502 Patet
952 1457 1063 1501 enim
1105 1460 1348 1513 „posterum
1382 1457 1495 1502 diem
1529 1458 1749 1503 Nonarum
1782 1459 2108 1503 Novembriun1“
2148 1459 2256 1503 idem
2302 1473 2397 1504 esse
2440 1467 2571 1517 atque

239 1528 469 1580 „postridie
499 1528 647 1570 Nonas
676 1528 965 1570 Novembres“
998 1528 1069 1569 vel
1097 1531 1147 1569 ut
1179 1531 1247 1569 est
1274 1527 1468 1580 vulgaris
1495 1528 1694 1580 loquendi
1720 1540 1820 1570 usus
1853 1541 1916 1578 „a.
1946 1529 1985 1569 d.
2006 1529 2133 1571 VIII.
2161 1529 2225 1570 Id.
2247 1530 2384 1572 Nov.'·‘
2444 1531 2571 1573 Haec

234 1599 451 1638 structura
493 1595 636 1638 multis
680 1594 884 1648 exemplis
930 1594 1197 1647 comprobari
1237 1598 1392 1648 potest.
1449 1594 1788 1638 Usitatissimum
1821 1595 1944 1638 illud:
1983 1596 2209 1649 „postridie
2237 1597 2329 1651 ejlls
2357 1597 2468 1640 diei“
2501 1603 2570 1641 est

234 1663 414 1706 Caesari
425 1664 484 1718 2);
524 1676 577 1705 116
606 1662 755 1706 Cicero
771 1662 807 1717 3)
838 1662 1005 1716 quidem
1040 1663 1240 1706 abhorret
1267 1664 1323 1706 ab
1350 1663 1432 1706 hoc
1459 1662 1640 1717 genitivi
1666 1676 1759 1706 11811.
1818 1663 1938 1718 Quod
1967 1669 2105 1706 autem
2136 1666 2323 1718 vulgaris
2353 1670 2569 1710 structura

231 1731 279 1774 in
308 1730 543 1774 definiendo
573 1734 760 1784 tempore
789 1730 981 1773 adhibita
1009 1743 1092 1773 non
1127 1734 1207 1784 681,
1239 1731 1332 1785 eJus
1359 1730 1424 1773 rei
1452 1742 1623 1773 causam
1648 1731 1972 1774 Hachtmannus
2001 1733 2146 1774 attulit
2174 1733 2217 1775 in
2246 1745 2295 1775 60
2324 1737 2465 1776 tamen
2494 1734 2567 1778 ille

235 1798 405 1853 quidem
436 1810 601 1852 errans,
633 1798 742 1852 quod
772 1798 854 1839 non
883 1798 1046 1840 idoneis
1078 1798 1343 1852 argumentis
1371 1810 1474 1840 usus
1501 1799 1639 1840 locum
1667 1798 1989 1851 interpolatione
2018 1804 2256 1852 corruptum
2284 1805 2419 1853 putat.
2477 1801 2522 1843 N
2523 1813 2565 1844 e-

235 1880 319 1921 que
347 1866 459 1910 enim
487 1866 531 1908 id
560 1866 714 1920 agitur,
761 1872 810 1908 ut
848 1866 939 1908 dies
977 1866 1131 1920 aliquis
1167 1866 1407 1920 definiatur,
1452 1865 1528 1909 sed
1561 1869 1611 1908 111
1643 1880 1727 1909 11οΧ
1756 1871 1874 1909 certa
1902 1867 2134 1920 denotetur,
2179 1881 2285 1921 quae
2319 1869 2391 1911 vix
2425 1870 2565 1922 potuit

232 1935 328 1977 fieri
355 1938 404 1977 ut
431 1934 600 1988 vulgari
628 1934 791 1976 ratione
821 1933 1142 1987 significaretur.

374 2003 408 2045 J
409 2015 477 2044 am
506 2014 607 2045 vero
637 2005 808 2054 praeter
837 2001 949 2043 illam
980 2005 1145 2044 noctem
1178 2001 1328 2044 Cicero
1365 2002 1410 2044 in
1446 2002 1706 2044 orationibus
1736 2001 1998 2044 Catilinariis
2033 2004 2210 2045 alteram
2254 2009 2560 2058 commemorat,

234 2084 345 2126 quae
373 2069 618 2114 interfuerit
645 2069 757 2113 inter
785 2068 902 2112 illum
932 2070 1246 2124 conjuratorum
1274 2073 1439 2114 coetum
1467 2074 1514 2114 et
1540 2068 1665 2123 diem,
1700 2084 1780 2124 quo
1809 2070 1945 2123 prima
1973 2071 2107 2114 oratio
2137 2072 2282 2115 habita
2310 2076 2388 2115 est.
2448 2073 2561 2116 Nam

230 2141 270 2182 si
299 2140 449 2183 Cicero
478 2139 583 2181 dicit
610 2139 655 2180 in
684 2138 778 2180 Cat.
809 2139 845 2180 Ι.
879 2143 920 2180 1;
961 2138 1086 2192 „quid
1114 2138 1328 2192 proxima,
1365 2138 1467 2193 quid
1500 2138 1718 2191 superiore
1752 2143 1875 2180 nocte
1911 2140 2074 2193 egeris“
2115 2145 2159 2181 et
2196 2140 2240 2182 111
2269 2141 2363 2183 031.
2394 2142 2454 2183 ΙΙ.
2489 2146 2558 2183 13:

232 2207 442 2263 „patefeci
472 2207 655 2263 (scilicet
683 2207 880 2249 hesterno
910 2206 978 2249 die
1007 2206 1051 2249 in
1082 2206 1253 2262 senatu)
1284 2210 1441 2261 cetera,
1471 2205 1573 2261 quid
1601 2217 1654 2249 ea
1681 2212 1803 2249 nocte
1829 2206 2000 2261 egisset,
2031 2208 2130 2262 quid
2149 2208 2192 2250 in
2214 2208 2444 2262 proximam
2463 2220 2559 2252 con-

230 2276 467 2319 81111118861ιι
499 2275 658 2317 diserte
688 2276 793 2317 duas
822 2278 966 2316 noctes
997 2274 1233 2329 distinguit.
1294 2276 1405 2317 Item
1434 2275 1473 2317 si
1500 2274 1606 2317 dicit
1632 2274 1678 2316 in
1706 2274 1801 2316 Cat.
1832 2276 1868 2316 I.
1891 2280 1935 2317 S:
1969 2288 2247 2329 „recognosce
2277 2290 2434 2318 mecum
2465 2281 2558 2320 tan-

230 2345 327 2387 dem
357 2348 521 2386 noctem
549 2343 664 2385 illam
695 2342 992 2395 superiorew,
1022 2342 1122 2384 ibid.
1154 2347 1200 2384 9:
1240 2342 1359 2394 „dico
1388 2346 1432 2384 te
1460 2342 1601 2395 priore
1629 2346 1752 2384 nocte
1783 2343 1949 2384 venisse
1978 2343 2090 2385 inter
2118 2344 2315 2385 falcarios
2346 2376 2355 2385 .
2388 2376 2397 2385 .
2430 2376 2440 2385 .
2472 2377 2483 2386 .
2513 2345 2560 2387 in

174 2407 179 2410 Δ
228 2414 294 2456 Μ.
325 2413 492 2455 Laecae
523 2413 728 2464 domum“,
773 2411 896 2453 ibid.:
942 2410 1125 2463 „reperti
1161 2415 1260 2453 sunt
1275 2411 1369 2453 ’duo
1398 2410 1563 2463 equites
1591 2410 1789 2462 Romani,
1834 2411 1904 2463 qui
1939 2415 1983 2452 te
2011 2411 2095 2452 ista
2125 2424 2226 2453 cura
2255 2412 2485 2454 liberarent
2514 2419 2560 2455 et

227 2493 324 2525 sese
352 2480 426 2524 illa
454 2480 548 2534 ipsa
576 2485 699 2524 nocte
728 2479 851 2533 paulo
881 2484 981 2522 ante
1009 2479 1143 2522 lucem
1173 2490 1240 2522 me
1268 2477 1312 2522 in
1341 2491 1434 2522 meo
1462 2478 1573 2522 lecto
1601 2477 1899 2521 interfecturos
1935 2491 2028 2522 esse
2064 2479 2388 2532 pollicerentur“
2426 2493 2556 2534 appa-

228 2552 297 2591 ret
325 2549 454 2603 diem,
493 2561 573 2602 quo
608 2548 744 2602 prima
771 2547 815 2589 in
847 2547 1075 2589 Catilinam
1103 2546 1238 2588 oratio
1267 2546 1415 2588 habita
1444 2549 1530 2599 est,
1567 2558 1651 2587 non
1679 2546 1856 2599 primum
1885 2551 1981 2599 post
2009 2558 2119 2599 eam,
2157 2559 2242 2601 qua
2269 2553 2559 2591 convenerunt

228 2618 438 2671 conjurati
474 2618 528 2659 ad
558 2619 761 2668 Laecam,
806 2620 969 2658 noctem
1008 2616 1140 2657 fuisse
1169 2615 1244 2657 sed
1273 2616 1466 2657 alterum.
1526 2615 1640 2657 Nam
1669 2615 1707 2656 si
1736 2615 1828 2667 quis
1858 2615 2009 2666 prioris
2038 2616 2107 2657 vel
2136 2612 2248 2657 illius
2277 2616 2413 2658 noctis
2442 2630 2557 2659 men·

174 2727 186 2739 ,
227 2684 385 2727 tionem
425 2685 547 2737 facit,
592 2684 629 2726 is
658 2683 859 2736 respiciat
899 2696 1072 2725 11666886
1102 2687 1169 2725 681
1199 2683 1376 2725 alteram
1405 2685 1590 2736 noctem,
1637 2695 1759 2736 quam
1791 2682 1905 2735 prior
1932 2683 2001 2725 vel
2028 2682 2103 2724 illa
2131 2696 2239 2736 quae
2267 2683 2425 2726 dicitur
2452 2690 2558 2727 tem-

225 2764 328 2806 pore
358 2752 650 2806 praecesserit.
710 2751 843 2794 Aliud
872 2750 1070 2794 indicium
1101 2749 1277 2804 protulit
1304 2749 1438 2793 Kiihn
1446 2749 1504 2804 ⁴),
1541 2749 1614 2803 qui
1642 2753 1758 2793 recte
1787 2754 1928 2793 monet
1955 2749 2097 2793 verbis
2127 2749 2345 2794 Ciceronis
2375 2751 2558 2796 dicentis

225 2821 271 2863 in
301 2821 396 2864 Cat.
427 2822 463 2864 I.
497 2826 538 2863 1:
579 2820 779 2873 „Nihilne
808 2824 851 2862 te
881 2824 1127 2871 nocturnum
1158 2817 1416 2871 praesidium
1444 2818 1625 2872 Palatii,
1663 2818 1768 2861 nihil
1801 2818 1916 2860 urbis
1946 2818 2119 2871 vigiliae
2150 2850 2160 2860 .
2193 2851 2203 2860 .
2235 2850 2245 2860 .
2275 2825 2498 2862 moverunt
2507 2820 2554 2863 ?“

367 2957 393 3001 ¹)
417 2954 455 2992 in
479 2956 557 2992 Cat.
582 2955 616 2992 It
640 2958 672 2999 3,
695 2956 729 2999 4,
755 2956 810 3000 12,
834 2956 889 2991 30.
926 2954 979 2991 11.
1003 2956 1037 2991 3.

362 3016 393 3059 ⁹)
417 3014 450 3049 b.
476 3016 520 3049 Gr.
545 3014 576 3049 Ι.
600 3016 657 3057 23,
683 3015 737 3048 48.
768 3012 822 3047 II.
847 3015 901 3047 12.
935 3012 1003 3047 1V.
1029 3014 1084 3047 13.

363 3073 394 3115 ³)
416 3072 463 3106 ad
485 3072 567 3106 Att.
592 3071 666 3105 ΠΙ.
692 3072 724 3105 7.
748 3070 784 3105 1:
816 3068 1041 3104 Brundisium
1065 3068 1148 3104 veni
1170 3080 1204 3103 a.
1228 3069 1262 3103 d.
1285 3068 1392 3104 XIV.
1415 3067 1501 3102 Kal.
1526 3067 1613 3111 Maj.
1660 3067 1714 3102 Eo
1738 3067 1795 3102 die
1818 3068 1917 3111 pueri
1940 3068 1994 3103 tui
2017 3068 2103 3103 mihi
2127 3080 2149 3103 a
2172 3074 2210 3104 te
2234 3068 2375 3104 litteras
2397 3069 2559 3106 reddide-

225 3131 319 3172 runt,
344 3131 381 3164 et
403 3126 467 3164 alii
490 3126 590 3173 pueri
613 3131 693 3172 post
717 3126 810 3162 diem
832 3124 978 3162 tertium
1002 3124 1078 3171 ejus
1102 3124 1175 3161 diei
1197 3124 1289 3160 alias
1310 3124 1450 3161 litteras
1472 3124 1682 3160 attulerunt.
1721 3123 1818 3160 0061.
1842 3124 1878 3160 111
1903 3123 2014 3160 Cicer.
2039 3125 2084 3160 ad
2108 3124 2221 3161 famil.
2237 3124 2351 3161 VIII.
2371 3127 2406 3161 2.
2424 3128 2461 3161 1;
2487 3126 2558 3162 Α6·

226 3186 333 3221 cessit
355 3187 434 3229 huc,
459 3187 550 3229 quod
574 3185 746 3229 postridie
770 3186 845 3229 ejus
868 3184 1100 3218 absolutionis
1123 3183 1219 3226 (aliiz
1245 3183 1518 3225 absolutionem)
1539 3182 1577 3216 in
1601 3183 1778 3217 theatrum
1803 3182 1965 3217 Curionis
1981 3184 2194 3218 Hortensius
2217 3183 2368 3219 introiit.

362 3246 392 3288 ⁴)
417 3242 494 3289 Quo
519 3242 575 3278 (116
601 3242 724 3278 Cicero
747 3241 895 3286 primam
918 3240 955 3276 in
975 3240 1168 3277 Catilinam
1189 3239 1384 3276 orationem
1407 3238 1581 3275 habuerit.
1618 3238 1672 3275 St.
1689 3238 2120 3284 Matthias—Gymnasium.
2155 3240 2307 3277 Breslau
2323 3242 2426 3279 1885.
2450 3253 2484 3287 p.
2501 3244 2557 3278 ll.

2325 3313 2348 3346 2
