2812 3710
1362 257 1419 299 13

371 383 491 439 Quae
520 396 614 426 cum
642 384 705 427 ita
739 384 843 438 sint,
886 385 1016 428 missa
1044 385 1313 429 Mommsenii
1342 385 1554 428 sententia
1582 384 1930 439 acquiescendum
1959 388 2027 427 est
2053 384 2099 426 in
2127 385 2284 427 altera:
2329 384 2401 427 illo
2430 384 2552 428 Cice·

228 451 342 495 ronis
372 453 462 494 loco
491 452 746 507 adjectivum
778 455 1039 506 „posterum“
1070 452 1337 496 referendum
1365 466 1459 496 esse
1488 453 1544 496 ad
1571 453 1805 509 genitivum
1837 453 2083 506 „Nonarum
2113 452 2457 495 Novembrium“.

370 522 498 563 Alter
527 522 795 564 Mommsenii
823 534 940 564 error
967 527 1051 575 est,
1096 522 1207 574 quod
1249 526 1371 574 putat
1406 526 1599 565 conatum
1630 522 1847 565 Ciceronis
1875 521 2159 563 interficiendi
2187 525 2430 573 susceptum
2457 533 2553 564 esse

228 601 311 630 non
346 588 492 630 eadem
530 592 670 641 nocte,
715 601 798 641 qua
833 589 1052 632 consilium
1086 590 1229 633 caedis
1258 590 1407 632 initum
1436 590 1494 632 sit
1518 591 1597 633 sed
1625 604 1707 633 uno
1736 590 1805 632 die
1834 589 2088 631 intermisso.
2147 588 2213 630 At
2240 588 2339 631 huic
2367 588 2554 641 opinioni

228 660 374 709 aperte
403 659 612 710 repugnat
641 656 855 698 Ciceronis
884 657 1016 710 ipsius
1044 657 1341 701 testimonium.
1354 659 1385 714 ¹)
1435 658 1547 715 Quid
1574 658 1705 713 igitur
1733 656 2072 702 Mommsenius?
2121 657 2270 699 Tenax
2301 655 2436 698 falsae
2465 656 2553 711 opi·

226 724 364 764 nionis
393 736 420 763 a
449 724 651 764 Cicerone
694 725 908 765 contendit
949 737 1038 765 rem
1080 726 1207 766 aliter
1233 727 1374 766 fictam
1405 739 1497 767 esse
1527 731 1654 778 atque
1683 727 1886 767 evenerit.
1944 726 1979 766 J
1980 738 2047 765 am
2079 737 2181 765 vero
2210 736 2305 764 cum
2336 724 2555 765 Ciceronis

226 790 467 834 testimonio
510 791 554 834 in
597 791 837 835 universum
882 793 1153 846 conveniunt,
1199 807 1306 846 quae
1336 795 1580 847 Sallustius,
1618 796 1890 847 PlutarchuS‚
1922 794 2008 836 Dio
2039 792 2217 836 Cassius
2248 792 2301 834 de
2330 791 2478 834 eadem
2506 805 2554 835 re

226 862 415 902 narrant.
474 858 701 903 Sallustius
730 864 773 903 et
802 859 887 904 Dio
917 859 1092 904 Cassius
1126 860 1297 905 disertis
1328 861 1469 906 verbis
1499 866 1823 906 commemorant
1851 864 2101 905 nocturnum
2129 860 2250 904 illum
2279 861 2555 914 couventum;

226 929 482 971 Plutarchus
511 941 761 981 quamquam
790 934 1038 972 conventum
1067 930 1204 983 ipsum
1233 942 1318 972 non
1346 936 1561 983 memorat,
1603 936 1745 973 tamen
1774 943 1863 973 rem
1891 931 1955 973 ita
1984 937 2144 982 narrat,
2191 933 2239 971 ut
2268 929 2443 970 dubium
2470 940 2556 970 non

227 997 296 1049 sit,
327 996 429 1049 quin
458 1009 551 1039 eum
580 996 624 1039 in
652 1001 791 1040 mente
820 998 1070 1052 habuerit.²)
1119 997 1276 1042 Omnes
1306 1003 1446 1041 autem
1477 999 1668 1042 referunt
1697 1000 1841 1042 eadem
1871 1004 1993 1041 nocte
2024 998 2196 1041 vixdum
2228 1002 2350 1040 coetu
2380 996 2555 1039 dimisso

227 1065 305 1108 sub
347 1063 483 1117 ipsam
525 1064 660 1107 lucem
702 1068 895 1107 conatum
939 1065 1137 1109 facinoris
1181 1070 1420 1119 susceptum
1463 1079 1569 1110 esse.
1627 1068 1779 1120 Itaque
1815 1066 2094 1110 confitendum
2130 1071 2197 1109 est
2228 1062 2556 1109 Mommsenium

228 1132 451 1176 audaciore
481 1146 604 1184 quam
635 1133 821 1175 feliciore
850 1134 1128 1176 ratiocinandi
1157 1135 1321 1177 ratione
1350 1142 1470 1177 usum
1500 1148 1606 1178 esse.

368 1200 474 1242 Cum
497 1201 771 1243 Mommsenio
792 1202 1059 1244 consentiunt
1077 1202 1282 1257 Madwig,
1304 1204 1589 1256 Hachtmann,
1611 1204 1773 1258 Lange,
1800 1203 1871 1256 qui
1900 1208 1943 1245 et
1972 1203 2056 1256 ipsi
2085 1202 2347 1245 contendunt
2376 1202 2555 1256 primam

226 1270 271 1311 in
300 1270 528 1311 Catilinam
558 1270 786 1311 orationem
815 1271 1002 1312 habitam
1031 1284 1126 1312 6886
1154 1284 1192 1313 a.
1223 1272 1264 1312 d.
1295 1272 1398 1314 VII.
1429 1272 1494 1313 Id.
1525 1273 1655 1314 Nov..
1692 1273 1774 1313 nisi
1802 1272 1912 1323 quod
1942 1284 1964 1312 e
1995 1271 2338 1322 difficultatibus,
2371 1283 2480 1322 quae
2509 1271 2555 1312 iu

226 1337 307 1379 hac
336 1337 548 1379 sententia
577 1337 840 1379 defendenda
869 1339 1110 1390 offeruntur,
1141 1339 1267 1381 aliter
1295 1351 1341 1381 86
1372 1339 1570 1391 expedire
1598 1344 1814 1381 conantur.
1865 1340 1961 1381 Hoc
1990 1344 2131 1380 autem
2161 1350 2302 1380 eorum
2335 1349 2555 1380 commune

227 1407 305 1458 est,
336 1404 444 1457 quod
474 1416 615 1446 omnes
645 1417 896 1460 magnopere
926 1406 1145 1448 elaborant
1172 1405 1216 1448 in
1246 1405 1491 1460 quaestione
1521 1406 1781 1460 explicanda,
1812 1410 2011 1460 quantum
2042 1404 2243 1460 temporis
2274 1405 2458 1460 spatium
2489 1405 2553 1448 in·

226 1474 471 1514 tercesserit
499 1474 611 1513 inter
638 1474 754 1514 illum
783 1475 1092 1526 conjuratorum
1121 1479 1285 1515 coetum
1316 1483 1359 1515 et
1388 1476 1510 1526 diem,
1541 1488 1621 1526 quo
1650 1476 1785 1526 prima
1814 1476 1947 1516 oratio
1968 1475 2114 1516 habita
2133 1479 2211 1526 est,
2242 1476 2426 1525 itemque
2447 1474 2554 1515 illud

226 1553 388 1593 quoque
418 1553 644 1593 commuue,
675 1541 784 1594 quod
814 1540 868 1584 ad
896 1541 1136 1595 probandas
1165 1554 1264 1585 suas
1294 1542 1529 1585 sententias
1558 1542 1662 1585 nihil
1690 1536 1871 1586 afferunt
1899 1543 1981 1586 nisi
2010 1543 2286 1597 conjecturas.
2342 1543 2395 1585 In
2424 1543 2551 1586 rebus

225 1612 367 1652 autem
396 1613 548 1652 natura
577 1621 654 1651 sua
683 1610 820 1652 dubiis
849 1610 949 1652 licet
977 1610 1159 1664 opinari,
1198 1622 1282 1652 non
1311 1610 1412 1653 item
1440 1610 1485 1653 in
1513 1610 1565 1653 iis
1594 1612 1735 1665 rebus,
1773 1611 1817 1654 in
1846 1611 1996 1665 quibus
2026 1615 2143 1654 certa
2171 1614 2423 1666 argumenta
2452 1621 2552 1665 sup-

225 1684 388 1731 petunt.
446 1681 597 1730 Itaque
629 1692 770 1719 eorum
799 1680 1033 1720 sententias
1062 1680 1156 1731 ipsa
1185 1693 1236 1720 ea
1266 1693 1393 1731 opera
1423 1681 1528 1721 satis
1558 1680 1767 1721 refutatas
1802 1693 1895 1721 esse
1939 1681 2133 1729 arbitror,
2181 1693 2264 1731 qua
2307 1692 2436 1731 supra
2479 1680 2553 1721 de-

225 1746 457 1788 monstravi
501 1745 676 1798 primam
720 1746 948 1789 orationem
984 1746 1030 1802 in
1059 1746 1287 1789 Catilinam
1322 1760 1347 1788 a
1378 1747 1579 1790 Cicerone
1596 1743 1797 1790 'habitam
1826 1761 1919 1790 esse
1949 1761 1987 1789 a.
2019 1748 2058 1789 d.
2089 1749 2167 1790 VI.
2199 1747 2263 1790 Id.
2295 1748 2405 1789 Nov.
2466 1747 2553 1790 Sed

225 1814 417 1868 quamvis
448 1815 525 1857 hoc
554 1814 615 1857 ita
644 1814 712 1867 sit,
743 1819 884 1857 tamen
913 1828 993 1857 non
1024 1815 1224 1858 decedam
1255 1815 1307 1858 de
1332 1816 1429 1870 J'ure
1458 1828 1562 1869 meo,
1593 1820 1640 1859 ut
1669 1816 1807 1859 onmia
1835 1816 2018 1868 undique
2048 1829 2122 1869 pro
2152 1828 2245 1858 mea
2274 1828 2404 1858 causa
2425 1828 2552 1868 aigu-

225 1886 370 1925 menta
398 1882 650 1936 conquiram,
681 1883 929 1936 praesertim
958 1895 1050 1926 cum
1081 1895 1134 1926 ea
1161 1888 1311 1937 sponte
1341 1896 1387 1927 se
1415 1884 1604 1938 offerant,
1635 1896 1769 1937 neque
1789 1884 1959 1926 videtur
1978 1895 2130 1937 operae
2150 1896 2232 1926 non
2253 1895 2345 1926 esse
2370 1882 2553 1936 pretium

227 1951 443 1994 Ciceronis
462 1952 574 1992 locos
595 1964 620 1993 a
640 1952 760 1992 falsis
783 1952 1200 2003 interpretationibus
1226 1952 1467 1993 defendere.
1513 1954 1663 2004 Itaque
1693 1953 1881 1994 breviter
1909 1952 2151 1993 examinare
2181 1953 2258 1992 has
2288 1952 2553 2003 conjecturas

228 2019 505 2073 supersedere
535 2020 642 2061 nolo.

369 2087 436 2128 Ac
465 2087 599 2140 prima
629 2087 795 2139 quidem
824 2087 1037 2140 Madvigii
1065 2087 1278 2129 sententia
1307 2087 1520 2130 afferenda
1550 2092 1615 2129 est
1650 2088 1880 2130 statuentis
1910 2088 2155 2130 Ciceronem
2190 2087 2276 2139 die,
2321 2087 2393 2139 qui
2436 2087 2554 2129 illum

226 2158 473 2207 nocturnum
518 2159 766 2197 conventum
810 2159 977 2197 secutus
1007 2155 1075 2208 sit,
1120 2155 1351 2198 orationem
1386 2156 1562 2208 primam
1597 2156 1809 2197 habuisse.
1856 2155 1990 2210 Quae
2020 2155 2232 2198 sententia
2260 2160 2306 2197 ut
2338 2154 2555 2197 conciliari

227 2223 363 2277 possit
393 2235 486 2266 cum
516 2223 730 2267 Ciceronis
759 2224 873 2276 locis,
905 2224 975 2267 ubi
1004 2228 1179 2277 noctem,
1210 2237 1293 2277 qua
1323 2224 1531 2279 conjurati
1559 2229 1846 2267 convenerunt
1874 2224 1929 2267 ad
1959 2225 2156 2277 Laecam,
2187 2237 2270 2267 non
2300 2225 2408 2266 hanc
2436 2223 2553 2276 dicit,

227 2291 303 2334 sed
332 2291 448 2334 illam
483 2295 527 2333 et
564 2292 818 2346 superiorem
855 2293 924 2334 vel
967 2292 1163 2346 priorem,
1208 2292 1457 2347 Madvigius
1486 2293 1612 2335 sumit
1642 2297 1860 2335 senatores
1889 2306 1916 2335 a
1945 2292 2149 2335 Cicerone
2178 2297 2429 2334 convocatos
2459 2303 2556 2335 esse

227 2364 324 2414 post
343 2361 443 2403 solis
462 2361 626 2403 demum
646 2373 849 2403 occasum.
901 2362 997 2412 „Sic
1015 2361 1186 2415 igitur“‚
1218 2361 1365 2414 inquit,
1374 2362 1408 2416 ³)
1441 2366 1699 2413 „statuemus
1727 2362 1829 2415 ipso,
1861 2361 1933 2416 qui
1961 2361 2076 2403 illam
2107 2366 2272 2404 noctem
2301 2366 2343 2403 et
2374 2373 2554 2404 conven-

229 2433 320 2471 tum
349 2434 516 2471 secutus
546 2435 629 2481 est,
669 2430 754 2482 die,
792 2430 835 2472 id
865 2435 929 2472 est
959 2431 1061 2473 VII.
1092 2430 1157 2472 Id.
1188 2430 1299 2472 Nov.
1331 2430 1391 2485 (7.
1420 2430 1554 2484 Nov.)
1585 2434 1775 2471 senatum
1804 2430 1993 2471 habitum
2023 2442 2135 2482 esse,
2180 2429 2251 2471 sed
2285 2441 2377 2470 cum
2408 2428 2557 2471 eodem

230 2497 395 2539 demum
433 2497 501 2539 die
540 2503 715 2540 vocatus
760 2503 890 2550 esset,
935 2498 1002 2540 ‹lie
1031 2498 1259 2540 inclinante
1289 2498 1331 2539 in
1362 2503 1526 2540 noctem
1556 2499 1800 2547 convenisse
1831 2499 2143 2548 orationemque
2173 2498 2349 2549 primam
2378 2498 2457 2538 hoc
2485 2496 2556 2538 die

230 2564 304 2610 sed
334 2564 502 2620 vesperi
531 2564 702 2613 demum,
725 2566 793 2610 vel
822 2579 954 2620 paene
984 2570 1109 2609 noctu
1138 2564 1339 2609 habitam.
1398 2564 1469 2610 Sic
1504 2565 1790 2620 intellegetur,
1824 2574 1912 2609 'cur
1954 2579 2035 2609 non
2080 2565 2189 2609 hanc
2232 2564 2346 2609 dicat
2390 2568 2558 2609 noctem

232 2634 367 2690 (esset
396 2634 518 2687 enim,
550 2646 632 2687 qua
660 2634 751 2687 ipse
781 2635 978 2690 diceret),
1016 2634 1090 2677 sed
1118 2634 1233 2676 illam
1265 2638 1309 2676 et
1338 2634 1633 2688 superiorem.“
1695 2634 1860 2677 Deinde
1891 2634 2049 2688 pergit:
2090 2638 2289 2686 „senatus
2319 2633 2558 2676 consultum

230 2703 367 2745 veteri
396 2716 509 2744 more
538 2708 634 2755 post
663 2704 762 2745 solis
792 2716 982 2745 occasum
1012 2703 1104 2744 fieri
1134 2716 1216 2744 non
1245 2707 1429 2755 poterat,
1467 2704 1685 2755 quominus
1720 2705 1946 2745 haberetur
1976 2708 2149 2744 senatus
2178 2703 2283 2744 nihil
2314 2703 2503 2744 oberat.“
2518 2702 2557 2755 ⁴)

231 2771 355 2813 Haec
387 2771 645 2824 Madvigius.

232 2861 410 2904 oratione,
443 2872 533 2905 quae
561 2861 665 2905 paulo
690 2868 768 2905 post
792 2862 1007 2905 patefactam
1031 2860 1307 2906 conjurationem
1332 2860 1453 2896 habita
1478 2861 1541 2901 sit.
1571 2868 1646 2897 tam
1676 2866 1840 2896 accurat-a
1863 2860 2030 2904 temporis
2054 2859 2193 2895 notatio
2219 2872 2482 2904 supervacanea
2507 2860 2560 2896 vi-

232 2918 308 2953 deri
332 2919 470 2954 debeat.

374 2977 401 3019 ¹)
425 2975 461 3010 in
485 2976 564 3011 Cat.
589 2976 621 3011 1.
645 2978 677 3010 9.

371 3034 402 3077 ²)
426 3031 639 3068 Plutarchus
663 3032 699 3068 in
723 3042 764 3068 eo
789 3032 964 3078 discrepat
988 3044 1010 3068 6
1034 3032 1215 3076 Cicerone5
1237 3032 1306 3077 qud
1326 3029 1472 3067 'nomina
1496 3031 1601 3068 habet
1626 3031 1752 3067 Marcii
1777 3036 1813 3067 et
1838 3030 1987 3076 Cetheji.

373 3092 401 3134 ³)
426 3101 542 3134 opusc.
566 3091 665 3125 acad.
694 3102 727 3134 p.
752 3093 820 3125 195
843 3096 880 3125 et
904 3092 983 3125 196.

371 3149 403 3193 ⁴)
427 3148 519 3185 Gen.
536 3148 642 3184 XIV.
669 3150 700 3185 7.
725 3150 763 3185 8:
787 3153 868 3193 post
891 3149 978 3184 haec
1002 3147 1165 3192 deinceps
1188 3147 1278 3183 dicit
1303 3152 1446 3183 senatus
1470 3147 1665 3183 consultum
1689 3152 1955 3182 ante-exortum
1979 3151 2041 3182 aut
2066 3152 2146 3191 post
2171 3158 2332 3184 occasum
2365 3148 2476 3185 solem
2507 3149 2562 3185 fa·

235 3210 330 3242 ctum
353 3210 469 3242 ratum
492 3217 562 3241 non
585 3205 708 3241 fuisse:
746 3217 831 3251 opus
861 3205 968 3242 etiam
1000 3205 1193 3241 censorium
1223 3204 1348 3240 fecisse
1378 3204 1614 3243 existimatos,
1650 3214 1712 3249 per
1743 3215 1829 3248 quos
1859 3214 1901 3239 eo
1931 3209 2089 3249 tempore
2117 3209 2262 3241 senatus
2288 3205 2487 3242 consultum
2510 3206 2565 3242 f·-

232 3268 328 3299 ctum
351 3269 454 3299 esset.
