2812 3710
566 860 639 921 De
675 860 1047 935 coniuratione
1085 858 1402 921 catilinaria
1435 860 1685 936 quaestio
1720 859 2107 935 chronologica.

161 1063 255 1149 De
284 1109 556 1162 chronologia
583 1121 724 1150 rerum
753 1110 808 1151 ad
838 1110 1170 1164 conjurationem
1203 1108 1415 1150 Catilinae
1451 1109 1752 1162 pertinentium
1787 1121 1879 1150 cum
1916 1109 2142 1150 multorum
2179 1112 2329 1149 extent
2364 1108 2504 1149 diver·

158 1176 358 1227 ⁴sissimae
388 1177 644 1229 sententiae,
683 1177 854 1220 dubium
884 1178 1022 1221 videri
1059 1180 1219 1230 pot-est,
1257 1190 1314 1219 an
1348 1176 1406 1219 sit
1432 1177 1600 1229 perdita
1629 1190 1757 1229 opera
1785 1178 1895 1230 ejus,
1935 1177 2007 1228 qui
2036 1182 2133 1228 post
2161 1176 2290 1218 toties
2320 1176 2505 1228 repetita

163 1243 342 1289 aliorum
372 1245 609 1289 tentamina
637 1245 747 1290 hanc
777 1246 1068 1300 quaestionem
1097 1248 1334 1289 retractare
1362 1248 1549 1289 conetur.
1598 1244 1667 1289 Ac
1695 1249 1838 1290 tamen
1866 1244 1971 1289 mihi
2000 1244 2129 1289 etiam
2150 1243 2344 1289 Sallustii
2372 1257 2505 1289 causa

161 1318 429 1367 argumenta,
471 1327 579 1366 quae
609 1315 745 1356 adhuc
774 1316 908 1356 allata
939 1318 1051 1367 sunt,
1083 1314 1369 1355 consideranti
1397 1317 1443 1355 et
1470 1314 1557 1355 alia
1583 1314 1738 1356 indicia
1768 1314 1984 1367 colligenti
2013 1327 2097 1355 non
2126 1317 2327 1365 tanquam
2354 1314 2502 1367 despe-

162 1386 284 1425 ratus
314 1382 575 1436 abjiciendus
595 1382 822 1425 videbatur
851 1386 1030 1425 conatus
1059 1382 1097 1424 si
1127 1395 1210 1424 non
1239 1382 1346 1436 plus,
1377 1386 1425 1424 at
1452 1387 1569 1424 certe
1596 1383 1752 1424 rectius
1772 1382 1957 1434 videndi,
1988 1395 2113 1434 quam
2143 1395 2169 1424 a
2199 1382 2502 1425 recentissimis

160 1449 467 1504 interpretibus
497 1451 635 1493 adhuc
663 1451 800 1493 visum
830 1455 909 1493 est.

309 1518 469 1561 Notum
500 1523 567 1561 est
595 1518 841 1562 Sallustium
872 1517 1193 1571 chronologicae
1223 1517 1472 1572 diligentiae
1501 1531 1584 1561 non
1612 1518 1828 1561 admodum
1860 1518 2047 1561 deditum
2078 1517 2224 1560 fuisse.
2276 1519 2429 1571 Neque
2457 1519 2502 1561 id

160 1585 327 1627 mirum.
387 1587 433 1627 Is
469 1585 580 1627 enim
615 1586 729 1627 inter
763 1598 903 1628 rerum
935 1586 1222 1628 Romanarum
1256 1586 1485 1640 scriptores
1513 1586 1671 1639 primus
1701 1587 1866 1640 abjecta
1895 1586 1989 1627 rudi
2019 1586 2093 1627 illa
2136 1586 2352 1628 annalium
2397 1586 2498 1629 scri-

160 1658 327 1705 ptorum
349 1654 514 1695 ratione
534 1667 660 1696 unam
680 1655 863 1706 aliquam
883 1655 1106 1696 materiam
1127 1655 1312 1707 dignam,
1344 1667 1453 1706 quae
1472 1655 1724 1706 traderetur,
1755 1655 1975 1707 sejungere
2006 1661 2047 1695 et
2079 1655 2309 1707 separatim
2340 1655 2498 1696 descri-

161 1715 265 1763 bere
294 1721 482 1763 instituit
510 1725 555 1763 et
584 1722 646 1764 ita
675 1722 756 1764 hac
784 1721 828 1764 in
857 1734 904 1764 re
935 1726 1133 1764 versatus
1163 1727 1248 1775 est,
1286 1726 1336 1764 ut
1365 1721 1532 1764 omissis
1560 1721 1702 1763 multis
1732 1722 1874 1764 rebus,
1906 1735 2013 1773 quae
2041 1721 2209 1773 quidem
2239 1722 2293 1764 ab
2322 1722 2394 1775 iis,
2425 1722 2498 1774 qui

161 1788 207 1830 in
236 1800 357 1831 suum
387 1800 593 1841 quamque
623 1802 711 1831 rem
741 1802 895 1831 annum
927 1788 1191 1842 referebant,
1227 1789 1387 1831 tacitae
1416 1789 1641 1842 praeteriri
1670 1802 1750 1830 non
1780 1793 1993 1841 poterant,
2031 1779 2104 1831 eas
2134 1802 2203 1831 res
2233 1789 2498 1842 potissimum

162 1856 359 1911 eligeret,
406 1870 513 1909 quae
551 1861 676 1911 aptae
716 1862 859 1900 essent
895 1857 950 1900 ad
988 1857 1193 1900 materiae
1229 1870 1357 1900 unum
1392 1856 1601 1910 quoddam
1630 1870 1779 1910 corpus
1809 1856 2085 1899 efficiendum.
2145 1858 2233 1900 Res
2262 1862 2404 1901 autem
2434 1857 2498 1901 ita

161 1937 332 1978 semper
360 1925 583 1978 disponere
612 1926 786 1979 studuit,
817 1930 866 1968 ut
893 1925 1127 1968 narrationi
1157 1926 1363 1979 tragicam
1394 1925 1605 1977 quandam
1635 1925 1883 1978 dignitatem
1913 1925 2168 1967 conciliaret.
2181 1926 2211 1977 ¹)

304 1993 419 2035 Dum
447 1993 579 2046 igitur
608 1994 662 2035 ad
690 1993 990 2046 disponendam
1023 1992 1251 2035 artificiose
1280 1993 1501 2035 materiam
1533 2005 1654 2035 omne
1685 1993 1864 2034 studium
1892 1993 2113 2044 convertit,
2145 2005 2293 2045 parum
2312 1993 2496 2047 diligens

161 2064 230 2102 est
258 2060 303 2102 in
332 2060 591 2113 temporibus
621 2065 819 2103 accurate
848 2060 1150 2103 describendis.
1200 2060 1322 2116 Quod
1345 2074 1440 2103 cum
1470 2061 1514 2103 in
1543 2061 1648 2103 alios
1678 2061 1792 2102 cadit
1821 2062 1930 2102 locos
1961 2066 2047 2103 tum
2079 2061 2122 2102 in
2151 2074 2258 2112 eum,
2290 2062 2360 2112 qui
2392 2061 2495 2115 legi-

161 2132 234 2169 tur
262 2128 306 2169 in
336 2128 624 2182 conjuratione
655 2128 868 2170 Catilinae
903 2128 1001 2170 inde
1036 2141 1063 2170 a
1096 2128 1234 2181 capite
1265 2133 1317 2170 26
1349 2142 1484 2181 usque
1512 2129 1568 2171 ad
1598 2134 1723 2181 caput
1754 2133 1819 2170 32.
1878 2129 1962 2170 His
1991 2135 2131 2170 autem
2161 2129 2371 2181 capitibus
2402 2130 2494 2172 Sal-

160 2196 315 2238 lustius
346 2196 450 2238 adeo
479 2209 563 2239 non
592 2197 808 2239 curavisse
837 2196 1007 2240 videtur
1034 2200 1268 2249 temporum
1299 2197 1507 2250 ordinem,
1551 2202 1600 2239 ut
1637 2210 1690 2238 ne
1720 2197 1903 2249 ipsarum
1933 2197 2099 2248 quidem
2129 2210 2267 2238 remim
2298 2203 2495 2240 naturam

160 2268 289 2316 atque
319 2264 647 2317 perpetuitatem
677 2268 937 2317 sequeretur,
967 2264 1011 2306 id
1041 2264 1149 2317 quod
1179 2263 1381 2306 historico
1412 2264 1487 2306 vix
1514 2269 1654 2318 potest
1686 2264 1922 2306 condonari.
1972 2267 2092 2317 Sunt,
2124 2264 2195 2316 qui
2216 2264 2494 2322 Liukerum2)

159 2334 297 2375 secuti
326 2337 520 2376 statuant
548 2334 813 2376 librariorum
843 2334 1031 2376 incuriae
1044 2386 1047 2388 q
1061 2335 1137 2376 hos
1167 2333 1484 2386 chronologicos
1514 2345 1679 2374 errores
1709 2333 1852 2373 deberi
1881 2332 2015 2383 iisque
2045 2332 2108 2374 ita
2145 2333 2305 2374 mederi
2341 2346 2494 2376 conen·

159 2406 243 2448 tur,
282 2405 330 2444 ut
359 2401 504 2444 ordine
534 2414 691 2454 rerum,
733 2402 804 2454 qui
837 2407 906 2444 est
933 2401 977 2444 in
1006 2400 1144 2454 libris,
1183 2406 1345 2444 ffiutato
1375 2414 1446 2444 res
1474 2400 1530 2443 ad
1559 2400 1745 2442 ordinem
1779 2405 1974 2443 revocent
2004 2400 2085 2442 sibi
2114 2401 2348 2453 probatum.
2409 2402 2494 2445 Sed

159 2468 229 2510 hic
259 2473 435 2512 conatus
464 2482 770 2524 praeproperus
791 2470 926 2513 videri
947 2469 1128 2525 debet.³)
1173 2470 1286 2512 Nam
1316 2469 1361 2511 in
1390 2468 1511 2511 libris
1540 2469 1766 2521 quidquam
1798 2481 1889 2510 esse
1920 2469 2135 2510 turbatum
2165 2481 2217 2510 ne
2248 2469 2495 2512 tenuissimo

158 2537 327 2587 quidem
357 2538 512 2579 iudicio
542 2538 800 2580 adducimur.
861 2538 1176 2580 Grammaticae
1204 2538 1322 2591 leges
1350 2550 1435 2579 non
1470 2537 1670 2587 suadent,
1717 2543 1763 2578 ut
1801 2543 2006 2577 mutemus
2042 2537 2283 2588 quidquam.
2344 2540 2412 2579 Ac
2441 2551 2495 2580 ne

158 2606 314 2647 tollunt
343 2606 511 2658 quidem
540 2607 703 2658 ordine,
745 2620 867 2658 quem
898 2611 1109 2658 statuunt,
1150 2606 1213 2648 illi
1241 2607 1497 2658 interpretes
1526 2618 1672 2647 omnes
1702 2605 1995 2647 difficultates:
2042 2605 2264 2647 incurrunt
2299 2607 2343 2648 in
2372 2608 2494 2660 alias,

158 2684 264 2724 quas
295 2673 377 2715 nisi
407 2673 723 2716 violentissimis
754 2674 1007 2729 conjecturis
1037 2685 1252 2717 removere
1282 2685 1366 2716 non
1394 2677 1583 2726 possunt.

266 2788 271 2792 ,
299 2743 403 2784 Jam
434 2755 532 2784 vero
570 2743 614 2785 in
652 2756 715 2795 re,
763 2743 815 2785 de
854 2757 936 2795 qua
972 2744 1132 2796 agitur,
1177 2742 1405 2795 praecipua
1432 2746 1479 2783 et
1507 2741 1643 2794 prima
1671 2741 1902 2783 auctoritas
1933 2740 2129 2783 Ciceroni
2158 2742 2387 2785 tribuenda
2415 2749 2494 2786 est.

158 2807 308 2853 Cicero
339 2810 462 2864 enim,
494 2824 576 2864 qua
606 2817 699 2853 erat
728 2811 935 2854 inanitate
967 2817 1010 2854 et
1039 2810 1316 2854 admiratione
1348 2809 1433 2864 sui,
1463 2822 1575 2863 cum,
1606 2809 1934 2862 quotiescunque
1965 2810 2128 2852 occasio
2160 2810 2343 2854 ferebat.
2376 2825 2497 2855 suam

157 2878 324 2920 laudem
365 2883 537 2921 ornaret
575 2893 748 2932 eamque
787 2880 913 2922 etiam
954 2885 1080 2933 atque
1118 2880 1247 2922 etiam
1283 2879 1566 2932 praedicaret,
1612 2891 1680 2919 res
1716 2878 1759 2919 in
1794 2879 2014 2920 consulatu
2045 2891 2120 2920 suo
2149 2887 2296 2933 gestas
2326 2880 2496 2933 penitus

301 3006 327 3047 ¹)
351 3004 551 3039 Novissime
575 3006 619 3038 de
643 3005 805 3039 Sallustii
830 3012 908 3039 arte
937 3006 1016 3048 egit
1041 3006 1239 3039 Rambeau:
1271 3004 1557 3038 Charakteristik
1590 3004 1652 3037 der
1681 3004 1912 3037 historischen
1936 3004 2172 3047 Darstellung
2202 3007 2265 3039 des
2289 3006 2436 3040 Sallust.
2463 3007 2494 3040 I.

154 3058 221 3097 Th.
269 3060 397 3107 Progr.
423 3061 484 3098 (les
510 3061 637 3107 Gymn.
662 3073 707 3098 zu
731 3062 830 3107 Burg
855 3063 955 3099 1879.

295 3120 326 3162 ²)
350 3119 630 3154 Emendationen
653 3131 697 3154 zu
721 3116 857 3155 Sallust,
880 3121 946 3155 aut·
970 3121 1094 3155 Grund
1118 3120 1233 3154 seiner
1257 3119 1406 3164 Quellen
1430 3120 1499 3152 und
1521 3119 1754 3153 Nachahmer.
1799 3119 2131 3163 Sitzungsberichte
2155 3122 2218 3155 der
2235 3122 2379 3156 Wiener
2397 3124 2494 3157 Alta-

155 3175 272 3211 demie
296 3176 516 3221 uisu-philol.
542 3178 662 3213 Classe
688 3180 790 3222 1854,
814 3179 915 3214 Band
940 3178 1051 3213 XIII.

295 3233 324 3277 ⁸)
347 3233 429 3269 vide
455 3233 700 3279 Wiedemanu,
724 3235 811 3270 iiber
835 3235 1000 3271 Sallust's
1025 3234 1182 3270 Catilina
1208 3245 1236 3269 c.
1260 3235 1319 3277 27,
1342 3235 1366 3268 3
1391 3253 1431 3257 —
1459 3244 1488 3268 c.
1514 3236 1573 3277 28,
1596 3236 1630 3269 3.
1678 3233 1808 3269 Philol.
1835 3235 1961 3270 XXII.
1987 3247 2019 3279 p.
2045 3237 2114 3271 495
2139 3247 2189 3280 sq.

2269 3309 2281 3339 l
